3338 4954
700 239 916 302 ..(5-

205 432 235 489 11
269 427 356 490 hunc
390 428 496 489 locum
535 431 565 490 et
599 427 840 490 antecedentem
875 447 1002 491 versum
1036 430 1167 492 fortasse
1201 429 1400 496 Alcibiadem

206 545 347 622 spectare
382 540 573 608 contendit,
601 540 801 604 Vertendum
834 547 898 604 est:
936 543 982 622 „si
1016 542 1072 624 qui
1104 541 1171 606 dux
1203 549 1239 606 ut
1266 545 1403 630 eligatur

206 653 305 735 cupit,
337 672 401 714 non
433 654 530 716 simul
561 653 727 716 nobiscum
759 653 836 716 Paci
867 654 1026 717 eruendae
1055 656 1151 720 oniae
1180 675 1307 739 operam
1339 658 1402 738 dat,

206 771 262 827 aut
296 784 408 828 servus
441 766 551 849 fugere
585 772 724 849 paratus,
759 771 827 829 rota
862 767 1083 830 distrahatur“.
1131 767 1254 832 Sensus
1276 770 1402 852 planus,

207 879 263 960 qui
297 879 387 941 nulla
418 881 684 942 commentatione
715 886 814 963 egeat.
862 878 1010 942 Ceterum
1042 882 1226 946 comoediae
1256 884 1401 966 parabasi

206 989 408 1056 Pherecrates
443 998 474 1055 et
507 993 674 1055 hominum
709 995 903 1076 impietatem
939 991 992 1071 (Μ.
1024 992 1060 1054 11.
1087 995 1123 1070 1;
1159 992 1196 1059 K.
1220 995 1256 1057 fr.
1281 996 1335 1075 23)
1371 1002 1402 1058 11

208 1105 348 1172 musicae
372 1104 629 1187 depravationem
653 1105 705 1181 (Μ.
730 1106 766 1167 fr.
791 1107 828 1182 2;
853 1104 891 1167 Κ.
917 1104 970 1182 24)
994 1105 1169 1188 castigavit.

310 1218 496 1280 Athenaeus
521 1217 577 1298 VI,
600 1219 826 1282 26714701
855 1219 889 1279 in
921 1218 1012 1281 docta
1035 1237 1094 1281 sua
1117 1218 1156 1281 de
1179 1238 1277 1282 aurea
1300 1224 1403 1283 aetate

209 1331 436 1413 disputatione,
463 1350 544 1412 quae
566 1330 697 1395 tortasse
721 1332 759 1394 ad
783 1330 961 1411 Didymum
984 1331 1113 1411 recedit,
1143 1349 1160 1394 e
1183 1331 1403 1414 compluribus
1507 1315 1510 1322 ¹

211 1443 341 1505 comicis
375 1445 517 1526 antiquis
550 1444 693 1507 laudavit
726 1444 823 1525 11111,
858 1461 939 1526 quos
973 1443 1013 1506 ad
1049 1442 1294 1507 didascaliarum
1326 1465 1404 1526 qua-

207 1555 343 1618 rundam
366 1555 463 1618 fidem
492 1556 654 1620 ordinatos
683 1574 751 1619 esse
780 1557 849 1639 ipse
880 1555 1329 1638 11111111111111111112681,
1360 1559 1405 1621 ita

209 1673 243 1730 ut
272 1670 411 1750 primum
441 1669 571 1750 quidem
596 1667 715 1732 Cratini
737 1669 831 1740 Plau,
856 1668 971 1731 deinde
995 1667 1128 1731 Cratetis
1152 1667 1289 1750 Bestiae,
1317 1669 1404 1734 Pele-

208 1780 299 1843 clidis
323 1782 587 1863 Amphictyones,
610 1781 806 1845 Pherecratis
829 1781 1030 1845 Metallenses
1054 1785 1084 1844 et
1107 1780 1233 1862 Persae,
1264 1782 1405 1864 denique

209 1894 432 1976 Aristophanis
451 1892 639 1977 Tagenistae
662 1901 750 1957 actae
773 1896 845 1956 sint.
892 1893 1069 1956 Videamus
1092 1912 1191 1974 nunc,
1220 1914 1300 1958 num
1323 1895 1405 1958 inter

208 2007 336 2068 illorum
371 2006 550 2069 dramatum
585 2025 755 2068 numerum
786 2005 888 2068 ullum
920 2007 1038 2069 certius
1070 2005 1202 2082 definire
1233 2007 1402 2088 possimus.

208 2121 316 2201 Atque
360 2120 500 2202 primum
547 2117 677 2200 quidem
720 2117 982 2182 Pherecratis
1020 2116 1286 2181 Metallenses
1331 2124 1405 2184 ante

209 2231 433 2314 Aristophanis
463 2229 570 2293 Ranas
601 2236 670 2293 acta
701 2250 769 2294 esse
800 2230 936 2310 videtur,
970 2231 998 2292 si
1030 2229 1160 2313 quidem
1190 2225 1362 2312 fragmenti
1387 2235 1402 2296 l

208 2362 320 2406 versus
349 2344 390 2406 29
426 2342 478 2422 (Μ.
503 2342 648 2423 11,3oo;
685 2343 723 2405 Κ.
749 2343 764 2405 Ι
797 2363 867 2426 pag.
895 2342 968 2421 175)
997 2343 1229 2425 Aristophanes
1262 2345 1406 2408 imitatur

207 2455 403 2519 1111111516.
450 2454 584 2538 Saepius
613 2457 698 2518 enim
727 2456 780 2518 ille
812 2455 1040 2518 aPherecrate
1069 2443 1128 2518 sua
1158 2460 1325 2520 mutuatus
1358 2462 1406 2521 est

209 2567 262 2630 cfr.
287 2569 383 2631 Arist.
408 2567 481 2631 Pac.
508 2568 569 2631 749
594 2587 669 2630 oum
692 2567 868 2632 Pherecrat.
892 2566 1076 2650 Grapatallis
1101 2566 1142 2630 Μ.
1167 2569 1211 2651 ll,
1234 2569 1358 2633 28911.
1383 2573 1402 2635 8

210 2680 258 2761 (Κ.
283 2681 310 2762 I,
337 2683 395 2746 171
422 2681 456 2743 11.
481 2681 545 2762 94),
577 2680 737 2763 equibus
765 2681 879 2761 elucet,
911 2679 1104 2763 Orapatallos
1134 2686 1207 2745 ante
1230 2681 1347 2746 Pacem
1370 2687 1404 2748 in

209 2813 356 2858 scaenam
379 2795 484 2858 datam
508 2813 577 2858 esse
604 2830 639 2838 -
664 2799 824 2877 praeterea
849 2793 1017 2856 Persarum
1040 2793 1074 2857 fr.
1101 2794 1116 2855 l
1143 2792 1185 2856 Μ.
1205 2793 1250 2875 II,
1273 2796 1402 2862 eta—o

208 2905 260 2985 (K.
284 2905 320 2969 fr.
344 2909 418 2992 130)
442 2927 515 2970 cum
538 2909 635 2970 Arist.
659 2907 743 2970 Plut.
768 2927 819 2967 vv.
845 2905 1017 2970 804-814
1041 2910 1072 2969 11
1087 2906 1247 2990 Aristoph.
1267 2905 1403 2975 Danaid.

209 3016 245 3079 B.
272 3039 319 3102 ap.
345 3019 387 3082 Μ.
412 3019 454 3101 II,
486 3019 629 3084 105211.
656 3021 695 3082 12
726 3018 776 3096 (Κ.
801 3018 827 3100 I,
856 3018 919 3081 456
949 3017 985 3080 fr.
1011 3017 1086 3094 253)
1121 3038 1195 3082 cum
1229 3019 1405 3102 fragmento

209 3137 328 3199 incerto
367 3133 506 3217 quodam
551 3153 569 3194 a
607 3131 766 3194 Meiuehio
811 3133 881 3194 sine
925 3131 1041 3194 idonea
1086 3149 1182 3194 causa
1221 3131 1405 3215 Orapatallis

209 3247 367 3330 adscripto
395 3246 439 3326 II,
467 3246 532 3309 290
562 3243 610 3323 (Κ.
634 3245 659 3324 I,
690 3245 754 3310 200
784 3245 818 3305 fr.
845 3245 937 3324 185),
974 3243 1112 3326 denique
1142 3245 1295 3328 inspicias
1325 3242 1360 3305 f.
1387 3243 1403 3305 1

209 3361 271 3422 inc.
296 3359 339 3421 Μ.
362 3358 407 3439 II,
429 3359 490 3422 341
526 3357 579 3440 (Κ.
603 3356 629 3438 I,
654 3357 716 3421 199
744 3357 780 3419 fr.
808 3356 890 3440 119).
937 3354 970 3419 Si
1004 3356 1081 3419 haec
1114 3363 1199 3420 recte
1233 3357 1406 3438 disputavi,

211 3473 349 3535 concidit
379 3471 530 3562 Μ11111111
550 3471 717 3552 sententia,
753 3469 865 3553 quill
893 3489 964 3551 pag.
987 3469 1051 3532 303
1082 3467 1302 3533 Pherecratem
1333 3469 1408 3531 Ari-

211 3585 374 3668 stophanis
389 3585 523 3667 vestigia
539 3583 690 3666 pressisse
706 3583 903 3666 pronuntiat.
942 3583 1093 3644 Attamen
1111 3581 1150 3645 de
1162 3581 1405 3646 Metallensibus

212 3699 354 3780 quaestio
389 3703 436 3760 est
470 3695 619 3775 difficilis,
653 3716 727 3758 cum
755 3697 940 3759 Athenaeus
974 3696 1042 3776 ipse
1077 3694 1115 3757 de
1147 3697 1217 3758 eius
1253 3695 1405 3758 dramatis

211 3815 337 3874 auctore
371 3808 512 3889 dubitet,
547 3807 562 3869 ὁ
596 3809 759 3891 πεποιηκὼς
793 3807 858 3878 τοὺς
893 3806 933 3877 εἰς
968 3803 1054 3868 αὐτὸν
1089 3803 1291 3892 (Φερεκράτην
1326 3807 1407 3890 scil.)

211 3920 444 4008 ἀναφερομένους
478 3921 630 4001 scribone,
664 3921 888 3985 Eratosthenes
920 3938 993 3982 vero
1024 3918 1108 3982 illam
1140 3921 1281 3984 fabulam
1311 3918 1407 3982 Nico-

212 4035 323 4099 macho
357 4034 486 4102 trihuit,
503 4033 655 4116 Harpoor.
691 4034 754 4097 243
790 4034 844 4096 cfr.
877 4032 967 4095 Phot.
1004 4029 1076 4094 soah
1112 4030 1244 4096 11111111.
1297 4033 1407 4114 Atque

211 4148 392 4210 Meinehius
427 4146 557 4228 quidem
591 4146 629 4210 de
663 4146 899 4210 Metallensium
933 4147 1074 4230 διασκευῇ
1109 4146 1265 4229 quadam,
1309 4165 1404 4226 quam

210 4259 425 4324 Nicomachus
449 4278 465 4322 e
489 4260 651 4322 comoedia
674 4259 880 4323 Pherecratea
902 4258 979 4320 olim
1002 4257 1064 4320 sibi
1085 4258 1220 4338 fecisset,
1253 4258 1405 4340 cogitavit

210 4371 255 4454 II,
293 4372 355 4436 308
395 4372 557 4454 aliquanto
596 4369 760 4435 audacius.
821 4368 937 4434 Melius
976 4375 1137 4451 sumatur,
1183 4369 1405 4433 Pherecratem
