3338 4954
721 257 914 322 -9...

361 435 475 534 ’φώκης
506 447 533 513 δ’
560 447 661 534 ὀσμήν,
692 444 807 532 Λαμίας
841 445 868 511 δ’
896 440 996 533 ὄρχεις
1031 443 1184 522 ἀπλύτους,
1219 443 1350 530 πρωκτὸν
1385 441 1418 508 δέ

1105 557 1248 645 καμήλου.

378 677 506 737 τοιοῦτον
528 671 595 737 ἰδών
618 672 702 758 τέρας
725 665 761 736 od
783 697 869 759 φησιν
893 669 991 744 δείσας
1014 675 1303 758 καταδωροδοκῆσαι,

377 782 444 849 ἀλλ’
472 783 544 870 ὑπὲρ
568 782 645 869 ὑμῶν
669 783 712 848 ἔτι
733 781 782 848 καὶ
806 782 865 849 νυνὶ
887 785 1017 870 πολεμεῖ.

328 897 496 982 Compares
513 917 630 980 quaeso
654 899 703 962 his
720 918 793 962 cum
809 898 956 962 versibus
972 898 1065 962 Pacis
1087 897 1276 981 parabaseos
1298 900 1419 980 partem

223 1011 317 1074 istam
341 1009 535 1095 (751-60):

376 1121 500 1206 (ἐπόησε
522 1122 627 1209 τέχνην
652 1121 782 1208 μεγάλην
805 1121 873 1208 ἡμῖν
896 1127 952 1208 --)

379 1233 434 1299 οὐκ
456 1233 571 1308 ἰδιώτας
595 1232 816 1321 ἀνθρωπίσκους
838 1239 989 1321 κωμῳδῶν
1012 1233 1081 1299 οὐδὲ
1103 1234 1249 1319 γυναῖκας,
1300 1304 1303 1308 ,

379 1345 446 1412 ἀλλ’
469 1346 654 1434 Ἡρακλέους
677 1347 765 1434 ἀργήν
788 1347 841 1412 τιν’
868 1346 947 1435 ’έχων
970 1349 1042 1412 τοῖσι
1066 1343 1208 1432 μεγίστοις
1232 1341 1381 1431 ἐπεχείρει

379 1459 483 1547 διαβάς
506 1463 615 1547 βυρσῶν
639 1459 732 1547 ὀσμὰς
754 1461 850 1534 δεινάς
873 1459 1014 1533 κάπειλάς
1038 1457 1282 1546 βορβοροθύμους.

379 1569 429 1637 καὶ
451 1577 562 1658 πρῶτον
587 1571 638 1658 μέν
662 1572 796 1661 μάχομαι
819 1572 934 1638 ποίντων
958 1571 1038 1659 αὐτῷ
1056 1578 1098 1658 τῷ
1116 1569 1336 1659 καρχαρόδοντι,

380 1681 415 1749 οὖ
439 1684 602 1750 δεινόταται
626 1686 677 1772 μὲν
700 1685 752 1751 ἀπ’
779 1685 940 1774 ὀφθαλμῶν
964 1685 1078 1769 Κώννης
1102 1683 1213 1756 ἀκτῖνες
1237 1681 1375 1768 ἔλαμπον,

381 1798 484 1862 ἑκατὸν
508 1797 540 1862 δὲ
562 1798 662 1886 κώκλιρ
685 1797 813 1886 κεφαλαὶ
836 1797 971 1864 κολάκων
990 1797 1194 1883 οἰμωξομένων
1218 1799 1376 1882 ἐλιχμῶντο

380 1907 445 1995 περὶ
461 1911 512 1995 την
528 1912 668 1997 κεφαλὴν,
693 1913 793 1998 φωνην
810 1910 837 1975 δ’
854 1911 932 1998 εἶχεν
955 1908 1108 1997 χαροίδρας
1124 1904 1246 1996 ’ὄλεθρον
1262 1905 1419 1984 τετοκυίας,

380 2021 479 2108 φώκης
509 2022 536 2087 δ’
563 2022 664 2108 ὀσμήν,
694 2022 809 2110 Λαμίας
837 2022 865 2088 δ’
882 2025 911 2108 *)
935 2020 1032 2109 ὄρχεις
1055 2022 1209 2100 ἀπλώτους,
1232 2021 1364 2107 πρωκτὸν
1387 2018 1420 2083 δέ

1106 2134 1249 2220 καμήλου.

380 2253 508 2312 τοιοῦτον
530 2249 598 2313 ἰδών
621 2250 706 2335 τέρας
729 2247 763 2314 οὐ
786 2247 933 2314 κατέδεισ’
960 2246 1028 2312 ἀλλ’
1042 2247 1127 2334 λὑπὲρ
1157 2246 1234 2334 ὑμῶν
1256 2243 1440 2334 πολεμίζων

361 2347 516 2448 ’ἀντεῖχον
540 2359 659 2426 ἀείκαὶ
682 2368 736 2427 τῶν
759 2357 857 2428 ἀλλων
880 2361 983 2446 νήσων.

329 2473 429 2539 Vides
458 2476 593 2559 paulum
624 2477 708 2541 inter
738 2497 771 2541 se
802 2477 970 2540 dissentire
999 2474 1070 2540 illas
1092 2473 1282 2558 parabaseos
1304 2478 1421 2557 partes,

226 2587 270 2650 ita
304 2591 346 2650 ut·
374 2588 412 2652 de
445 2590 690 2673 interpolatione
724 2590 854 2653 alterius
887 2608 1092 2672 nequaquam
1128 2591 1169 2652 sit
1197 2587 1429 2672 cogitandum3'

227 2701 313 2783 quod
337 2721 451 2766 moneo
473 2708 602 2786 propter
616 2702 846 2785 Hamakerum,
870 2704 927 2786 qui
950 2703 1030 2766 mira
1052 2703 1229 2765 temeritate
1241 2701 1422 2783 Vesparum

226 2833 277 2874 vr.
298 2813 512 2878 incra-1042
533 2815 572 2878 ab
588 2815 802 2899 Aristophane
825 2814 1022 2879 abiudicavit
1044 2813 1198 2878 Mnemos.
1215 2813 1276 2894 ΙΙΙ,
1293 2813 1354 2875 241
1374 2832 1421 2894 sq.

228 2922 317 2990 Idem
333 2926 426 2991 Pacis
450 2946 578 2991 versum
596 2928 659 2992 754
675 2929 884 3011 eVesparum
908 2947 1003 2991 versu
1022 2926 1102 2990 1031
1122 2926 1290 2990 emendare
1313 2923 1423 3006 voluit,

227 3043 264 3101 ut
291 3059 348 3123 pro
376 3037 426 3102 καὶ
455 3045 565 3124 πρῶτον
597 3038 648 3124 μὲν
679 3039 815 3126 μάχομαι
844 3040 925 3104 illud
954 3039 1088 3125 θρασέως
1119 3037 1219 3110 ξυστάς
1250 3035 1338 3108 εάθδς
1366 3033 1418 3099 ἀπ’

229 3148 324 3236 ἀρχῆς
339 3157 489 3236 poneret;
516 3173 579 3235 qua
599 3154 632 3215 in
649 3172 683 3217 re
699 3152 896 3217 Meinekium
919 3157 1064 3216 nostrum
1088 3151 1240 3216 asseclam
1264 3149 1325 3214 sibi
1349 3169 1424 3213 eum

229 3266 423 3330 conscivisse
444 3265 537 3329 valde
559 3265 742 3329 mirandum
766 3273 821 3329 est.
860 3266 1091 3330 Verumtamen
1116 3262 1251 3349 μάχομαι
1274 3281 1423 3346 praesens

227 3378 392 3460 (historic.)
420 3380 485 3442 iam
515 3398 571 3462 per
600 3399 633 3442 se
661 3380 793 3462 planum
825 3379 935 3443 multis
967 3398 1031 3443 non
1060 3379 1163 3442 solum
1187 3375 1423 3458 Aristophanis,

228 3491 284 3555 sed
318 3492 452 3555 aliorum
486 3498 653 3576 poetarum
687 3498 718 3556 et
752 3493 941 3576 scriptorum
974 3492 1052 3555 locis
1084 3491 1202 3573 optime
1231 3488 1423 3569 defenditur,

230 3623 367 3687 quorum
400 3605 487 3668 haud
519 3626 655 3689 parvum
689 3625 862 3670 numerum
894 3604 988 3668 facile
1019 3622 1182 3688 congeres,
1217 3603 1244 3666 si
1276 3603 1353 3666 huic
1377 3603 1425 3666 rei

229 3736 358 3801 operam
382 3719 448 3782 das.

333 3831 394 3896 Sed
417 3851 475 3896 cur
498 3854 531 3897 se
552 3835 693 3916 primuni
718 3831 848 3915 quidem
863 3851 937 3895 cum
954 3831 1070 3894 Oleone
1094 3834 1217 3894 mortuo
1240 3827 1307 3912 (cfr.
1325 3829 1422 3892 Thuo.

232 3944 269 4027 V,
294 3945 348 4029 10)
370 3965 485 4010 manus
509 3947 709 4010 conseruisse
737 3946 853 4008 iterum
882 3945 1068 4028 pronuntiat
1095 3943 1211 4025 poeta?
1258 3942 1322 4006 Cur
1344 3941 1424 4006 Ves-

229 4078 342 4142 parum
365 4058 554 4142 parabaseos
577 4063 699 4143 partem
716 4059 846 4122 omnino
869 4059 903 4120 in
920 4057 1002 4121 Pace
1025 4058 1162 4141 repetit?
1198 4055 1422 4132 Quaestionem

230 4173 313 4234 hanc
352 4171 587 4255 difficillimam,
625 4192 721 4255 quam
766 4191 859 4236 nemo
898 4176 1055 4254 quantum
1093 4169 1186 4234 video
1224 4170 1286 4232 nisi
1325 4167 1424 4230 Wila-

333 4415 360 4484 ²¹³)
379 4413 402 4469 δ’
425 4414 554 4469 omittunt
573 4415 657 4482 codd„
676 4391 724 4468 sed
743 4415 788 4468 cir.
802 4413 884 4481 Vesp.
904 4417 980 4472 1035.
