3338 4954
684 221 897 284 „17-

194 413 320 472 tantum
337 413 368 470 et
383 409 444 469 nv.
459 409 522 472 692
540 409 708 473 deluditur.
744 409 817 473 Non
832 410 1059 494 posterioribus
1075 412 1184 493 igitur,
1208 413 1263 475 sed
1278 415 1390 496 priori-

194 522 256 586 bus
273 521 423 584 dramatis
438 522 622 606 Tagenistas
637 525 756 586 rectius
777 522 965 606 assignabis,
988 523 1119 587 fortasse
1136 523 1319 608 Olympiadi
1334 527 1385 594 90.

195 673 236 681 -—
262 634 422 717 Sequitur,
447 641 482 697 ut
506 655 616 699 omnes
640 637 678 700 de
702 635 822 719 quibus
844 636 941 700 verba
963 637 1039 700 facit
1054 638 1241 702 Athenaeus
1263 640 1390 704 fabulae

196 753 267 812 ante
290 747 435 811 Euolidis
466 768 586 810 annum
616 749 789 830 productae
813 750 884 820 ‚sint
908 787 947 795 —
972 748 1148 833 Metagenis
1170 751 1389 836 Thuriopersis

195 867 225 926 et
246 861 460 944 Nicophontis
484 861 651 925 Sirenibus
675 863 826 945 exceptis,
856 881 938 945 quae
962 862 1103 926 dramata
1125 860 1267 928 ἀδίδακτα
1289 866 1390 931 fuisse

193 977 262 1058 ipso
285 975 380 1039 27011
403 976 532 1038 indicat.

299 1087 492 1151 Platonis
516 1087 730 1150 Victorias
765 1085 812 1151 Ol.
836 1087 931 1169 89,4
966 1094 1022 1151 aut
1049 1088 1142 1170 90,1
1177 1092 1211 1152 in
1241 1110 1388 1155 scaenam

193 1200 369 1264 exhibitam
400 1220 479 1282 esse,
508 1206 634 1284 propter
663 1200 817 1280 titulum,
834 1202 889 1282 qui
918 1220 1029 1282 pacem
1057 1202 1150 1265 modo
1181 1206 1387 1287 compositam
1461 1253 1465 1260 .

195 1314 261 1394 (cfr.
284 1313 380 1376 Thuc.
406 1313 447 1394 V,
472 1315 610 1390 17-20)
643 1317 762 1396 spectat
790 1314 912 1395 opinor,
947 1316 1040 1377 cuius
1064 1315 1267 1380 condiciones
1290 1318 1389 1381 Athe·

196 1425 363 1490 niensibus
386 1428 488 1509 magis
513 1445 609 1508 quam
629 1423 888 1488 Lacedaemoniis
911 1427 1028 1490 favisse
1051 1433 1185 1510 constat,
1209 1433 1239 1492 et
1261 1435 1389 1513 propter

194 1540 303 1622 fragm.
329 1538 482 1620 31111,
511 1538 574 1602 644
607 1537 792 1619 (11.1,623
823 1538 860 1600 fr.
885 1539 937 1620 81)
972 1541 1006 1601 in
1041 1541 1206 1623 propatulo
1241 1547 1289 1604 est
1323 1544 1386 1606 vid.

195 1651 371 1717 Wilamow.
406 1673 477 1735 pag.
513 1651 555 1716 55
591 1650 696 1715 Cobet.
732 1649 796 1714 obs.
828 1654 894 1716 crit.
925 1653 1066 1734 82-87,
1100 1654 1145 1716 ita
1179 1660 1215 1716 ut
1249 1653 1387 1720 Meinehi

101 1761 108 1834 s
192 1765 217 1846 I,
243 1765 305 1829 176
330 1766 513 1847 opinionem
541 1763 639 1827 verbo
669 1768 798 1846 tangere
828 1783 909 1848 opus
939 1785 1003 1828 non
1035 1767 1084 1828 sit.
1113 1765 1270 1830 -Fabulae
1293 1788 1388 1852 argu·

194 1883 337 1942 mentum
355 1897 372 1941 e
387 1878 481 1941 titulo
498 1877 564 1958 (cfr.
580 1876 794 1939 Victoriarum
812 1878 943 1940 chorum
960 1879 1045 1961 apud
1061 1879 1216 1961 templum
1228 1878 1388 1947 Victoriae

191 1993 224 2052 in
256 1991 338 2070 aroc)
371 1995 402 2054 et
432 2009 448 2053 e
478 1991 655 2072 fragmento
685 2008 782 2071 supra
811 1991 905 2053 citato
936 1991 1043 2073 aliquo
1073 1991 1165 2054 modo
1188 1995 1388 2077 perspicitur,

193 2105 218 2165 si
254 2102 385 2186 quidem
419 2102 586 2165 Platonem
622 2102 844 2184 Aristophanis
878 2102 993 2166 Pacem
1029 2109 1255 2187 superaturum
1287 2107 1388 2171 fuisse

193 2217 320 2306 credere
345 2214 509 2296 debemus,
535 2214 620 2297 quod
644 2221 771 2297 propter
794 2216 970 2279 simultates
994 2217 1076 2279 inter
1097 2217 1155 2280 hos
1179 2218 1261 2282 duos
1278 2226 1387 2302 poetas

192 2331 254 2392 iam
279 2331 369 2412 prius
394 2332 521 2392 exortas
544 2331 627 2390 certe
651 2325 719 2390 fieri
743 2332 865 2410 poterat
893 2328 958 2408 (cfr.
984 2328 1139 2393 (lebetum
1162 2350 1234 2415 pag.
1262 2332 1323 2396 133
1347 2333 1385 2396 al.

192 2443 262 2525 loc,
293 2440 415 2506 Luebhi
446 2441 675 2503 dissertationis
704 2447 783 2523 part.
809 2442 940 2505 secund.
965 2462 1035 2525 pag.
1061 2443 1104 2506 24
1126 2462 1191 2526 seq.
1216 2447 1387 2528 praecipue

190 2577 260 2639 pag.
286 2556 332 2619 51.
352 2573 417 2637 seq.
442 2559 473 2617 et
496 2572 598 2616 meam
622 2573 718 2636 supra
742 2555 780 2617 de
803 2553 950 2636 Perialge
973 2555 1242 2638 disputationem).

294 2667 448 2730 Eiusdem
464 2677 574 2749 poetae
591 2665 802 2730 Feriarum
817 2666 944 2730 fabulae
960 2668 1117 2732 actionem
1135 2667 1174 2730 ob
1187 2667 1385 2753 Diitrephem

189 2781 299 2862 fragm.
325 2782 344 2844 6
380 2778 422 2842 Μ.
453 2778 496 2859 II,
531 2779 594 2842 626
630 2777 679 2858 (K.
711 2779 746 2841 11.
778 2779 830 2856 31)
867 2787 1148 2844 commemoratum
1183 2781 1386 2864 aliquatenus

191 2893 321 2956 definire
355 2911 538 2975 possumus,
574 2892 628 2972 qui
659 2893 799 2974 primum
828 2893 957 2976 quidem
987 2914 1005 2956 a·
1035 2893 1161 2957 Cratino
1191 2891 1384 2958 Chironibus

190 3006 244 3086 (11.
271 2986 473 3088 11‚'152‚8;
509 3001 663 3084 11181
694 3005 729 3066 a.
754 3007 831 3086 aaa)
867 3013 949 3070 certe
984 3011 1057 3070 ante
1090 3005 1220 3069 rericus
1255 3014 1385 3072 mortem

192 3115 259 3182 a'cta
293 3118 464 3197 deridetur,
500 3115 615 3178 deinde
651 3117 689 3179 ab
725 3119 939 3202 Aristophane
972 3118 1098 3182 Avibus
1133 3119 1196 3183 798
1235 3125 1266 3182 et
1302 3119 1384 3184 1442

190 3231 351 3295 Heroibus
381 3229 423 3292 M.
448 3228 492 3310 II,
518 3228 596 3291 1071
623 3229 909 3312 14111141]
936 3232 973 3295 fr.
998 3233 1075 3316 307)
1105 3269 1147 3276 —
1175 3232 1313 3295 eundem
1336 3234 1386 3294 in·

190 3347 339 3408 venimus
373 3343 458 3426 apud
492 3341 634 3422 Thucyd.
659 3341 733 3425 VII,
766 3345 898 3409 29-30
932 3350 963 3408 et
996 3344 1088 3424 Vlll,
1111 3345 1153 3408 64
1187 3345 1299 3428 opinor
1333 3383 1385 3426 -,

187 3459 233 3520 ita
268 3463 305 3520 ut
335 3456 531 3538 Diitrephem
566 3455 657 3517 illum
684 3433 730 3518 'ab
762 3456 888 3541 Olymp.
914 3458 954 3521 87
987 3477 1091 3540 usque
1121 3457 1161 3519 ad
1191 3455 1318 3540 Olymp.
1342 3458 1384 3521 92

160 3563 165 3573 “
191 3571 322 3632 comicis
345 3570 445 3652 poetis
470 3567 640 3630 cavillandi
669 3571 793 3652 copiam
817 3570 941 3634 dedisse
965 3574 1102 3633 statuere
1121 3570 1290 3652 possimus.
1344 3571 1385 3634 Et

190 3683 311 3745 Avium
341 3703 372 3744 v.
398 3682 482 3745 1442
515 3681 645 3763 quidem
676 3680 855 3766 Diitrephes
885 3680 1032 3768 μειράκιον
1064 3681 1254 3765 appellatur,
1287 3703 1382 3767 quam

190 3795 319 3858 obrem
355 3795 381 3857 si
413 3793 564 3857 Chirones
588 3793 683 3876 paulo
711 3800 784 3858 ante
809 3793 855 3858 Ol.
881 3794 1285 3878 87,4(429)θ11111111111111
1315 3815 1384 3860 esse

188 3912 357 3990 putamus,
395 3907 520 3969 veritati
556 3926 652 3988 quam
687 3908 831 3989 proxime
865 3927 924 3972 nos
958 3927 1141 3972 accessuros
1175 3926 1244 3970 esse
1278 3908 1380 3972 credo.

189 4019 251 4082 Sed
281 4022 440 4102 praeterea
471 4018 558 4080 aliud
590 4019 749 4101 quoddam
774 4020 999 4110 eruerenobis
1021 4021 1105 4102 licet,
1136 4040 1211 4083 cum
1241 4021 1382 4104 primum

189 4131 319 4214 quidem
336 4129 516 4214 Diitrephes
539 4138 666 4215 propter
688 4133 842 4215 originem
860 4139 1035 4215 externam,
1058 4139 1167 4216 postea
1191 4133 1231 4196 ob
1255 4133 1383 4198 divitias

187 4263 291 4327 nuper
312 4248 438 4327 paratas
460 4245 494 4305 in
518 4244 689 4307 ridiculum
707 4263 818 4310 versus
840 4263 909 4309 esse
927 4246 1080 4309 videatur.
1120 4245 1234 4329 Itaque
1250 4246 1383 4309 fortasse

187 4353 331 4420 Platonis
353 4355 462 4419 fabula
485 4375 550 4419 non
575 4357 674 4419 multo
698 4362 768 4440 post
792 4354 911 4420 Oratini
935 4355 1087 4423 Chirones
1114 4362 1187 4422 ante
1211 4355 1257 4422 Ol.
1283 4356 1382 4422 90111

1209 4477 1226 4532 2
