3338 4954
719 243 935 305 ...13-

136 475 138 480 ·
230 430 397 494 Platonem
422 431 485 494 illis
506 430 595 494 feriis
618 430 698 494 duas
720 429 847 494 fabulas
871 430 1030 494 docendas
1047 449 1186 512 curasse,
1211 432 1342 495 alteram
1366 453 1425 496 suc

230 545 333 626 ipsius
356 545 496 625 nomine,
520 544 648 608 alteram
664 543 746 608 alius
769 543 949 624 cuiusdam,
973 544 1057 606 sicut
1070 544 1317 626 Aristophanem
1341 546 1426 610 eius·

232 656 303 720 dem
327 658 403 719 anni
427 655 561 720 Lenaeis
583 656 697 721 fecisse
720 658 847 722 scimus.

335 769 597 833 Pherecratis
627 769 842 854 Fugitivos
871 767 1051 832 Meinekius
1078 769 1108 832 h.
1133 787 1175 834 cr.
1200 788 1269 852 pag.
1294 771 1332 835 81
1360 771 1403 848 (cf
1418 821 1424 834 .

230 880 391 945 Kockium
420 903 490 966 pag.
517 883 589 959 150)
615 881 661 959 Ol.
687 883 740 965 90,
763 884 785 946 4
813 883 989 964 assignavit
1012 885 1138 964 propter
1168 881 1382 965 fragmentum
1405 885 1425 948 3

231 993 382 1077 (11,263,
405 995 444 1058 K.
469 996 495 1077 l,
520 995 579 1060 151
605 995 642 1057 fr.
668 993 940 1076 lib-Thucydidis
962 992 1004 1074 V,
1026 994 1155 1058 43-47
1180 1001 1212 1058 et
1233 994 1273 1075 V,
1297 997 1424 1062 76-77

232 1107 365 1188 collubia,
393 1108 450 1171 ubi
473 1110 612 1191 primum
638 1109 767 1192 quidem
791 1125 875 1171 anno
897 1106 962 1170 420
985 1106 1124 1189 Argivos
1153 1127 1228 1170 cum
1250 1108 1427 1173 Athenien·
1466 1089 1468 1093 ¹

232 1219 322 1284 sibus
351 1221 465 1284 foedus
493 1223 615 1303 iniisse,
642 1228 753 1305 postea
776 1240 850 1283 vcro
880 1218 917 1280 ad
941 1217 1265 1284 Lacedaemoniorum
1296 1241 1425 1286 causam

232 1351 265 1394 se
294 1333 482 1398 adiunxisse
512 1354 617 1398 rerum
650 1336 783 1418 scriptor
812 1333 982 1396 memoriae
1013 1333 1116 1398 tradit.
1175 1331 1265 1408 Quae
1287 1333 1427 1398 Meinelri

232 1447 339 1527 opinio
363 1449 496 1510 sirecte
520 1467 553 1511 se
583 1447 687 1530 habet,
718 1447 913 1510 comoediam
944 1445 1026 1508 hanc
1054 1451 1125 1529 post
1149 1443 1196 1511 Ol.
1220 1445 1274 1528 90,
1296 1447 1316 1511 3
1341 1448 1427 1528 (417)

143 1615 145 1622 ι
233 1560 282 1640 agi
311 1561 497 1642 nequivisse
526 1560 639 1641 elucet,
667 1567 832 1643 propterea
863 1558 950 1641 quod
980 1560 1043 1620 iam
1075 1558 1173 1622 huius
1203 1562 1280 1622 anni
1310 1565 1428 1625 aestate

233 1672 370 1753 Argivos
404 1692 517 1736 rursus
551 1673 591 1735 ad
626 1673 873 1736 Atheniensium
907 1676 1011 1754 partos
1046 1673 1218 1736 accessisse
1253 1679 1376 1737 constat
1411 1693 1428 1737 e

231 1781 328 1846 Thuc.
343 1783 384 1865 V,
400 1785 450 1866 82,
481 1805 617 1868 quorum
641 1787 675 1848 in
699 1787 802 1849 socios
825 1793 862 1848 ut
884 1786 1026 1848 comicus
1054 1784 1130 1847 taha
1149 1784 1294 1850 dicturus
1316 1785 1429 1850 fuisset

234 1895 301 1958 fieri
325 1898 383 1960 vix
405 1899 516 1980 potuit.
563 1897 626 1962 Sed
649 1917 706 1981 ego
735 1898 863 1980 quidem
888 1895 1027 1960 Meinelri
1051 1898 1265 1960 coniecturam
1289 1898 1428 1981 aliquam

233 2011 299 2072 veri
328 2011 466 2093 speciem
497 2010 612 2075 habere
642 2012 773 2073 omnino
802 2010 842 2073 ob
874 2009 1006 2094 ἐμποδὼν
1025 2007 1193 2094 καθήμενοι
1216 2009 1312 2074 verba
1334 2011 1429 2075 vehe-

233 2127 355 2185 menter
384 2142 481 2207 nego,
514 2144 596 2206 quae
627 2143 691 2205 quo
722 2127 865 2206 spectent
897 2123 951 2186 ille
981 2123 1031 2185 vel
1064 2122 1146 2185 alius
1177 2117 1312 2204 quilibet
1344 2143 1429 2186 nun-

234 2254 331 2316 quam
361 2236 542 2318 explicabit.
599 2236 701 2298 immo
732 2235 854 2299 Muhlio
885 2237 1050 2316 assentior,
1082 2235 1139 2318 qui
1168 2254 1239 2317 pag.
1266 2234 1429 2318 841181-

234 2348 317 2410 tivos
339 2349 591 2432 Aristophancae
614 2349 706 2412 Pacis
734 2348 931 2432 temporibus
954 2348 1130 2412 exhibitam
1158 2365 1227 2410 esse
1255 2347 1427 2412 contendit.

234 2458 385 2524 Attamen
417 2463 522 2525 causis
545 2462 671 2524 idoneis
694 2463 885 2544 sententiam
909 2481 1000 2525 suam
1023 2461 1087 2525 non
1119 2459 1218 2541 fulsit,
1247 2479 1312 2542 qua
1335 2459 1373 2523 de
1396 2479 1429 2524 re

234 2576 332 2635 totam
355 2573 438 2637 hanc
462 2576 682 2662 quaestionem
699 2576 793 2658 quasi
816 2593 932 2637 novam
955 2592 1068 2636 rursus
1090 2573 1190 2655 repeti
1212 2577 1249 2636 ut
1271 2573 1311 2635 ad
1332 2572 1429 2656 liqui-

235 2685 312 2749 dum
334 2687 527 2770 perducatur
549 2707 630 2771 opus
653 2693 709 2752 est.

334 2797 621 2886 'Euapqorepiiouc'
648 2799 781 2884 ἐμποδὼν
815 2796 979 2881 καθήμενοι
1013 2817 1142 2879 versus,
1183 2817 1200 2860 c
1235 2816 1299 2880 quo
1332 2797 1430 2862 huius

237 2912 536 2977 dissertatiunculae
558 2915 686 2976 initium
704 2931 815 2995 capere
831 2908 994 2991 debemus,
1016 2909 1165 2973 facillime
1188 2910 1375 2990 declaratur,
1403 2917 1429 2972 si

235 3026 275 3088 ad
298 3045 445 3090 scaenam
468 3025 555 3089 illam
577 3025 798 3108 Aristophanis
821 3022 915 3086 Pacis
938 3023 1130 3105 praeclaram
1160 3027 1190 3086 et
1221 3032 1329 3086 notam
1359 3024 1430 3085 ani-

235 3158 324 3202 mum
349 3139 555 3220 advertimus,
586 3136 641 3201 ubi
667 3138 782 3201 chorus
805 3135 962 3199 Mercurio
993 3135 1166 3199 adiuvante
1189 3134 1305 3200 Pacem
1338 3134 1429 3197 deam

236 3251 276 3322 εἰς
300 3245 401 3338 ἄντρον
430 3249 508 3336 βαθύ
536 3253 687 3315 iniectam
716 3249 850 3313 funibus
880 3249 1061 3331 protrahere
1092 3247 1207 3312 studet.
1262 3247 1324 3311 Sed
1355 3266 1429 3310 cum

237 3384 317 3448 opus
346 3384 411 3428 non
442 3364 523 3428 bene
552 3364 711 3448 procedat,
742 3368 772 3427 et
793 3361 957 3446 Trygaaus
984 3363 1018 3425 in
1042 3359 1237 3424 Lamachum
1266 3360 1430 3424 invehitur·

235 3477 285 3541 his
308 3477 428 3540 verbis:

391 3591 455 3655 473
479 3585 503 3653 ὦ
523 3588 657 3676 Λάμαχ’,
682 3587 789 3661 ἀδικεῖς
813 3588 978 3672 ἐμποδὼν
998 3584 1222 3671 καθήμενος.

479 3702 563 3767 οὐδὲν
587 3701 719 3789 δεόμεθ’,
743 3697 892 3788 ὦνθρωπε,
916 3707 966 3785 τῆς
990 3700 1041 3783 σὴς
1065 3695 1271 3783 μορμόνος-
1294 3735 1335 3742 ——

236 3820 267 3879 et
291 3815 470 3880 Mercurius
493 3818 631 3899 Argivos
654 3817 812 3899 vituperat
834 3814 936 3878 hisce:

479 3926 542 3992 οὐδ’
570 3925 632 3992 οἵδε
653 3925 681 4011 γ’
709 3925 803 3991 εἷλκον
826 3923 910 3990 οὐδὲν
934 3923 1045 4011 ἁργεῖοι
1067 3922 1160 3988 πάλαι

479 4039 546 4104 ἀλλ’
573 4037 592 4124 ἢ
615 4039 780 4123 κατεγέλων
803 4044 856 4102 τῶν
878 4037 1152 4123 ταλαιπωρουμένων

391 4155 454 4218 477
479 4151 643 4218 καὶταῦτα
667 4149 786 4238 διχόθεν
811 4154 1126 4238 μισθοφοροῦντες
1149 4144 1293 4237 ἄλφιτα.

237 4268 350 4349 Argivi
387 4268 486 4350 igitur
524 4286 598 4331 cum
636 4267 676 4330 ab
715 4264 967 4329 Atheniensibus
1007 4271 1076 4329 tum
1115 4284 1134 4328 a
1170 4262 1430 4327 Lacedaemoniis

237 4381 407 4462 pecuniam
448 4398 485 4442 ac
526 4379 703 4442 mercedem
736 4379 928 4461 accipientes
968 4377 1145 4461 quominus
1183 4395 1249 4458 pax
1282 4372 1338 4436 fiat
1371 4375 1430 4436 im-
