3338 4954
737 221 953 314 -40-
1071 260 1073 268 s

246 440 277 502 in
302 438 475 502 ridiculum
507 436 591 502 flecti
619 439 698 501 mihi
728 439 794 502 veri
818 439 1023 502 simillimum
1043 437 1175 503 videtur.
1220 437 1304 502 Nem
1328 437 1442 502 titulus

246 551 344 614 huius
372 549 498 613 fabulae
529 551 607 633 quid
642 551 703 613 sibi
733 550 826 614 vult?
872 550 938 614 Sub
970 569 1006 614 eo
1038 552 1089 613 vir
1119 549 1246 634 aliquis,
1276 549 1340 613 illis
1363 555 1442 614 tem·

202 701 203 704 =
245 662 376 746 peribus
407 663 597 746 perspicuus
628 667 724 747 atque
753 663 868 745 clarus,
905 664 973 727 sine
1005 663 1102 726 dubio
1127 661 1290 726 delitescit.
1337 661 1379 724 Et
1403 661 1442 726 de

246 775 413 839 Alcibiade
437 775 567 860 quidem
590 777 669 859 ipso,
694 777 857 857 „omnium
879 776 1049 840 mulierum
1065 773 1156 839 vird‘
1171 773 1211 856 *),
1234 772 1319 836 haud
1335 774 1442 858 inepte

247 907 320 950 cum
355 887 532 951 Suevernio
567 887 740 970 cogitabiS,
777 889 821 951 ita
856 893 891 951 01
923 893 1051 972 propter
1086 885 1180 950 πάλαι
1214 904 1326 949 vocem
1360 885 1443 949 hanc

242 1000 444 1074 ,comoediam
468 999 624 1062 nonnulla
649 1019 722 1063 oum
745 999 965 1083 probabilitate
988 1002 1083 1064 annis
1101 999 1232 1064 408-1
1249 998 1443 1081 assignaturi

248 1114 366 1190 simus3
390 1112 524 1176 fortasse
548 1109 595 1174 Ol.
614 1113 700 1194 93,1
726 1114 799 1195 1001,
822 1115 849 1176 01
874 1113 1004 1196 quidem
1025 1113 1060 1175 in
1083 1091 1261 1196 fragmento
1284 1110 1348 1174 644
1371 1109 1444 1174 Κ.Ι

245 1245 318 1309 pag.
342 1225 406 1289 530
439 1223 515 1307 (vid.
542 1223 647 1301 11111,
680 1245 750 1308 pag.
776 1225 851 1310 148)
887 1223 1090 1307 „Alcibiades
1121 1225 1161 1288 ab
1194 1223 1292 1288 exilio
1315 1223 1444 1287 rediens

247 1336 447 1420 significatur
480 1355 553 1399 cum
584 1335 740 1402 Theodote
772 1338 946 1419 meretrice,
982 1358 1078 1421 quam
1106 1339 1146 1408 in
1183 1336 1443 1420 expeditionibus

247 1448 368 1513 bellicis
392 1467 501 1513 secum
526 1449 680 1513 ducebar
705 1451 757 1513 cfr.
782 1451 898 1514 Athen.
924 1448 1002 1532 XII,
1024 1451 1088 1518 530
1101 1470 1128 1533 c,
1160 1449 1268 1515 534d.
1316 1446 1443 1531 Optime

247 1563 347 1646 igitur
374 1561 443 1625 fieri
465 1562 580 1644 potuit,
611 1568 647 1626 01
670 1562 900 1645 Aristophanes
929 1563 989 1626 hoo
1020 1563 1161 1628 dramate
1185 1561 1307 1626 Cliniae
1328 1559 1442 1643 filium,

250 1694 346 1758 quem
369 1679 406 1737 ut
429 1663 588 1738 armorum
613 1675 871 1757 seditionumque
895 1681 1054 1740 amantem
1077 1680 1170 1760 poeta
1192 1677 1280 1759 pacis
1305 1675 1444 1738 maxime

249 1788 412 1852 studIosus
446 1785 650 1851 acerbissimo
681 1788 753 1850 odio
784 1790 934 1872 persequi
966 1789 1111 1872 debebat,
1144 1809 1185 1853 ex
1216 1789 1295 1852 Asia
1322 1788 1444 1851 minore

247 1901 326 1984 (vid.
357 1902 452 1964 etiam
480 1898 765 1982 Μ.11,1163-4
794 1900 829 1963 fr.
855 1900 892 1979 2;
922 1900 961 1964 K.
985 1900 1012 1984 I,
1035 1902 1110 1985 529,
1138 1903 1173 1964 fr.
1199 1903 1277 1985 543)
1300 1901 1444 1966 Athenas
1470 1963 1472 1976 ,

248 2012 479 2096 regredientem
503 2013 671 2096 exceperit.

351 2124 549 2188 Platonis
572 2123 791 2209 sophistas
814 2131 886 2209 post
910 2124 956 2189 Ol.
975 2127 1026 2204 92,
1049 2128 1069 2190 2
1093 2131 1196 2190 actam
1220 2145 1289 2190 esse
1306 2123 1444 2190 Cobetus

247 2259 317 2322 pag.
339 2238 400 2302 186
424 2256 466 2301 ex
488 2237 740 2321 Harpocratione
762 2238 831 2302 loco
856 2239 995 2322 quodam
1018 2239 1071 2322 28,
1087 2240 1107 2303 3
1125 2237 1234 2321 (11.11,
1251 2237 1316 2302 664
1331 2237 1366 2300 fr.
1381 2238 1444 2320 14),

248 2351 305 2414 061
337 2350 533 2432 Thucydidis
561 2350 660 2435 VHI,
693 2351 733 2415 67
770 2351 881 2415 0011010
920 2354 990 2416 0100
1028 2352 1125 2416 dubio
1161 2350 1179 2414 ι’
1213 2371 1269 2435 pro
1304 2348 1327 2411 ν’
1360 2355 1444 2414 recte

250 2463 431 2528 Meinekius
454 2464 647 2546 emendavit,
671 2468 742 2546 apte
765 2464 939 2544 conclusit;
965 2468 1018 2528 cui
1041 2466 1185 2549 opinioni
1200 2463 1355 2529 Xenoclis
1376 2464 1444 2546 (cfr.

249 2579 345 2641 Arist.
369 2575 556 2660 Thesmoph.
583 2575 656 2659 169,
677 2577 757 2656 440;
782 2576 862 2641 1100.
881 2579 933 2656 86)
958 2577 1190 2662 30000111(Αο
1214 2578 1289 2659 300)
1313 2582 1344 2641 et
1366 2575 1446 2640 Dra-

250 2691 386 2754 contidis
419 2689 529 2773 (Vesp.
555 2690 629 2772 157,
663 2690 728 2752 vid.
760 2692 854 2755 etiam
884 2689 968 2755 Xon.
999 2690 1081 2755 Hell.
1107 2690 1151 2773 ΙΙ,
1180 2692 1212 2774 3,
1240 2691 1273 2774 2)
1308 2709 1445 2754 comme·

251 2805 382 2868 moratio
406 2808 490 2867 certe
512 2822 578 2866 non
594 2803 787 2867 adversatur.
834 2803 988 2868 Eiusdem
1011 2811 1122 2887 poetae
1138 2803 1285 2868 Sceuae
1299 2803 1411 2886 fragm.
1427 2805 1442 2865 1

250 2937 346 2981 causa
370 2916 426 3000 (M.
451 2915 597 2998 11,659;
622 2914 660 2978 Κ.
685 2915 712 2998 Ι,
736 2916 798 2982 636
821 2916 857 2979 fr.
884 2918 958 2998 130)
990 2916 1128 2980 Cebetas
1157 2937 1229 3000 pag.
1253 2917 1293 2980 51
1320 2914 1367 2978 Ol.
1392 2916 1446 2999 93,

248 3051 319 3115 pag.
347 3029 409 3092 184
442 3027 488 3092 Ol.
521 3029 563 3092 93
598 3033 737 3092 exeunte
772 3029 946 3093 exhibitam
980 3030 1082 3094 fuisse
1116 3034 1241 3111 censet,
1275 3034 1445 3113 postquam

252 3144 407 3226 pristinus
432 3141 599 3204 chororum
615 3141 765 3224 splendor
776 3143 916 3225 Agyrrhi
932 3143 1002 3226 lege
1018 3142 1056 3206 de
1071 3146 1236 3227 poetarum
1252 3142 1446 3205 comicorum
1564 3127 1566 3136 ¹

251 3255 300 3319 vel
331 3256 523 3319 histrionum
551 3254 728 3318 minuenda
758 3255 902 3318 mercede
930 3255 993 3318 1010
1024 3260 1080 3319 001.
1128 3253 1231 3330 Quam
1255 3255 1446 3318 sententiam

199 3366 202 3371 ’
249 3370 457 3434 rectissimam
490 3368 619 3451 quidem
650 3367 761 3450 paucis
792 3367 897 3432 verbis
929 3369 1087 3454 explicare
1111 3374 1207 3452 atque
1229 3367 1344 3432 fulcire
1367 3368 1446 3431 mihi

249 3482 351 3546 liceat.
398 3484 508 3565 Atque
544 3483 685 3566 primum
722 3501 806 3544 0000
840 3481 906 3544 412
939 3482 1153 3546 Athenienses
1191 3481 1278 3545 mille
1317 3480 1446 3565 talenta,

251 3595 369 3678 quibus
399 3614 455 3677 per
483 3598 584 3658 totum
616 3594 735 3659 bellum
765 3596 962 3679 parcendum
991 3615 1060 3660 esse
1088 3595 1164 3658 olim
1199 3595 1445 3678 destinaverant,

251 3708 291 3772 ad
325 3708 458 3772 classem
492 3727 609 3772 novam
643 3707 874 3773 aedificandam
902 3709 1143 3793 parendumque
1173 3727 1362 3773 consumere
1396 3709 1445 3772 in-

251 3823 372 3904 cepisse
405 3823 440 3884 in
474 3823 660 3886 memoriam
693 3821 787 3885 nobis
820 3841 1006 3886 revocemus
1040 3823 1097 3885 cfr.
1130 3820 1229 3885 Thuo.
1261 3820 1358 3904 VIII,
1394 3822 1443 3886 15.

251 3934 340 3998 Haec
370 3935 580 4018 pecuniarum
610 3937 729 4019 100010,
765 3953 846 4018 0000
870 3936 1053 4018 ceteroquin
1079 3936 1176 3999 Arist.
1201 3935 1289 3998 Pluti
1310 3934 1327 3998 I
1350 3953 1445 4017 argu-

252 4052 357 4110 mento
398 4047 501 4110 lucem
538 4067 667 4132 quoque
702 4047 805 4130 affert,
846 4048 941 4131 paulo
975 4051 1047 4131 post
1079 4052 1116 4111 ut
1148 4049 1291 4132 Agyrrhi
1324 4049 1445 4132 rogaho

252 4171 459 4178 .--.--

356 4225 381 4296 *)
408 4224 459 4279 Clr.
477 4224 600 4281 Pherecr.
618 4245 659 4297 00.
678 4227 714 4281 M.
728 4227 764 4296 Π,
783 4233 842 4297 342,
861 4237 877 4285 5
902 4227 946 4299 (K.
966 4229 987 4297 Ι,
1008 4233 1066 4298 194,
1087 4228 1158 4299 155),
1176 4228 1232 4282 vid.
1251 4228 1332 4282 etiam
1350 4225 1444 4295 Eupol.

250 4312 357 4454 pldulat.
377 4312 412 4454 hall.
431 4312 546 4454 11180494,
567 4319 598 4372 18
623 4314 667 4386 (K.
686 4314 708 4382 I,
728 4319 786 4383 300,
807 4315 878 4386 158),
905 4315 976 4370 Ρ101.
996 4315 1081 4370 Alcib.
1101 4319 1134 4372 23
1158 4331 1223 4384 seq,
1247 4313 1316 4368 Xon.
1334 4311 1444 4367 Memor.

265 4405 317 4469 ,2,
336 4405 369 4458 24
414 4440 419 4452 ·
482 4440 487 4452 ·
