3338 4954
768 281 983 348 ..24-

276 469 363 546 Quae
386 470 482 535 verba
504 471 544 534 ad
568 461 767 536 Alcibiadem
779 469 806 546 *l
830 468 964 556 eiusque
989 472 1090 536 socios
1119 472 1181 536 iam
1207 470 1402 534 Suevernius
1429 471 1468 534 de

277 583 374 646 Arist.
399 581 483 645 Nub.
507 582 546 646 51
572 582 703 663 rettulit,
727 583 820 645 cuius
843 581 918 646 libri
939 583 1130 666 inspiciendi
1155 583 1232 644 mihi
1257 583 1379 666 copiam
1402 603 1468 646 non

275 693 374 757 fuisse
403 695 543 757 maxime
574 692 671 758 doleo.
697 731 739 739 -
768 693 906 760 Evolvas
930 714 1048 778 quaeso
1078 695 1310 775 Thucydidem,
1350 695 1406 757 ubi
1430 695 1469 776 V,

277 805 404 870 43-’47
420 825 485 889 seq.
502 807 579 870 haec
601 806 665 870 fere
688 806 873 869 traduntur:
898 807 1096 871 Alcibiadem
1114 806 1233 870 Cliniae
1256 805 1363 889 filium,
1383 809 1469 888 alica,

279 917 399 1001 quibus
434 939 498 1001 pax
532 919 615 981 inter
646 919 859 982 Athenienses
892 925 922 983 et
951 918 1217 983 Lacedaemonios
1251 919 1332 982 facta
1365 919 1469 982 taedio

278 1029 415 1112 odioque
431 1035 506 1112 erat,
529 1031 713 1094 inimicitias
736 1031 819 1094 inter
835 1030 1029 1095 Graecorum
1046 1033 1189 1094 civitates
1211 1033 1327 1094 iterum
1344 1035 1469 1096 exortas

275 1143 309 1204 in
341 1161 407 1206 rem
440 1163 531 1206 suam
555 1148 675 1207 vertere
706 1143 876 1206 studuisse.
932 1142 1093 1226 Imprimis
1124 1143 1321 1206 Alcibiadem
1352 1143 1470 1226 populo

278 1255 498 1337 persuadendo
515 1257 610 1320 enixe
626 1274 753 1339 operam
770 1255 904 1337 dedisse,
928 1262 964 1319 ut
983 1257 1095 1320 foedus
1111 1275 1185 1319 cum
1203 1257 1332 1338 Argivis
1355 1257 1468 1334 iceret;

283 1366 369 1448 quod
398 1372 468 1449 post
496 1369 660 1431 contiones
684 1387 781 1450 quam
810 1367 1101 1432 turbulentissimas
1124 1374 1252 1452 pactum
1285 1387 1363 1450 csse,
1395 1388 1470 1431 cum

281 1476 390 1541 Nicias
413 1477 536 1562 legatus
559 1479 702 1563 Spartam
727 1481 844 1543 missus
867 1479 1037 1543 frustratus
1059 1481 1211 1544 rediisset.
1257 1479 1341 1544 Dein
1362 1477 1489 1564 ipsunr'

279 1589 393 1654 ducem
417 1599 558 1656 creatum
580 1593 779 1676 insequentis
795 1593 872 1654 anni
890 1593 921 1672 (i.
940 1611 965 1655 e.
980 1591 1027 1655 Ol.
1042 1593 1092 1673 90,
1107 1593 1236 1657 2-419
1253 1592 1304 1658 cfr.
1316 1592 1413 1656 Thac.
1427 1593 1470 1657 52

160 1767 162 1774 ,
279 1707 332 1764 τοῦ
355 1704 569 1788 ἐπιγιγνομένου
594 1705 709 1789 θέρους)
739 1705 831 1767 initio
855 1705 1029 1767 exercitum
1053 1705 1138 1768 haud
1163 1725 1315 1788 magnum
1340 1705 1471 1788 quidem

277 1815 311 1877 in
326 1813 583 1899 Peloponnesum
607 1818 750 1898 duxisse,
774 1817 827 1880 sed
852 1821 1020 1899 postquam
1038 1837 1103 1880 nou
1121 1817 1259 1880 multum
1274 1817 1469 1900 profecisset,

279 1927 407 1991 domum
439 1932 614 1994 revertisse.
660 1927 756 1996 Nunc
788 1948 851 2011 quo
880 1934 1022 2011 spectent
1052 1927 1187 2014 μειράκια
1217 1931 1327 2002 ἐντοῖς
1351 1933 1469 2017 σφυροῖς

278 2039 398 2103 ἕλκοντα
421 2040 472 2126 τὴν
496 2040 668 2126 στρατηγίαν
684 2043 784 2126 plane
806 2042 1010 2124 intellegitur,
1034 2045 1061 2106 si
1085 2044 1213 2126 quidem
1238 2044 1276 2107 de
1292 2044 1469 2108 Alcibiadis

278 2152 534 2238 collegarumque
568 2157 637 2220 eius
671 2157 782 2218 itinere
816 2154 992 2237 longinquo
1026 2157 1060 2217 in
1095 2155 1352 2239 Peloponnesum
1388 2157 1470 2220 facto

278 2267 495 2349 accipiuntur;
519 2270 627 2351 itaque
644 2267 777 2356 Lenaeis
796 2272 851 2330 aut
866 2265 1032 2347 Dionysiis
1048 2268 1258 2350 sequentibus
1273 2270 1293 2330 i.
1312 2288 1337 2331 e.
1356 2268 1403 2332 Ol.
1418 2269 1471 2350 90,

279 2378 408 2442 2-418
433 2379 535 2464 Pagos
564 2386 666 2445 actam
696 2399 764 2444 esse
787 2399 961 2444 sumemus.
1007 2380 1080 2443 Non
1104 2379 1207 2443 obstat
1229 2378 1383 2464 κινούμενα
1406 2383 1472 2465 epi-

280 2489 397 2572 theton,
421 2511 484 2573 quo
502 2492 624 2556 Cliniae
639 2493 741 2556 filium
758 2490 891 2575 Eupolis
907 2493 1105 2557 calumnians
1122 2493 1252 2577 quidem
1269 2513 1345 2557 sane
1360 2513 1471 2558 ornare

278 2607 410 2687 poterat,
426 2606 578 2687 quoniam
593 2607 721 2669 iuvenis
739 2604 792 2669 ille
805 2611 932 2688 propter
948 2607 1086 2688 corporis
1101 2612 1301 2670 venustatem
1317 2612 1470 2670 amatores

279 2713 396 2778 multos
411 2715 522 2780 habuit
538 2717 591 2780 cfr.
601 2716 685 2781 Plut.
696 2717 799 2781 Alcib.
813 2718 836 2781 3.
846 2722 877 2781 et
887 2719 919 2798 5,
931 2720 1091 2802 Aristoph.
1103 2720 1240 2783 Acharn.
1255 2739 1284 2782 1.
1295 2721 1375 2784 7161
1389 2717 1471 2805 εὐρύ-

279 2849 410 2911 πρωκτος
433 2825 482 2891 καὶ
505 2827 594 2900 λάλος
616 2829 663 2916 χὼ
676 2827 820 2895 Klarion.
861 2830 922 2894 Sed
945 2836 976 2894 et
999 2832 1059 2896 alia
1081 2852 1146 2895 11011
1169 2834 1277 2916 inepte
1301 2834 1412 2916 opinor
1432 2833 1472 2896 ad

280 2939 480 3006 Alcibiadem
503 2942 692 3024 referuntur,
715 2945 872 3028 imprimis
894 2945 1003 3026 fragm.
1022 2946 1063 3008 23
1081 2944 1135 3024 (Μ.
1154 2944 1195 3025 ΙΙ,
1212 2946 1286 3028 471,
1309 2943 1349 3008 Κ.
1366 2945 1392 3028 Ι,
1407 2946 1472 3010 284

281 3052 317 3116 fr.
344 3054 436 3135 101);
469 3052 542 3140 ἀνὴρ
572 3053 692 3139 πολίτης
721 3055 886 3128 πουλύπους
916 3057 956 3128 εἰς
986 3056 1052 3128 τοὺς
1081 3055 1202 3142 τρόπους
1233 3057 1285 3120 cfr.
1308 3057 1406 3121 Thuc.
1430 3057 1471 3140 V,

281 3166 324 3229 45
341 3185 419 3249 seq,
441 3166 498 3230 ubi
521 3187 595 3231 eum
618 3171 817 3252 nequissima
833 3169 962 3252 quidem
986 3170 1041 3234 sed
1065 3172 1230 3254 ingeniosa
1252 3170 1363 3234 fraude
1377 3169 1472 3234 Lace-

282 3279 520 3343 daemoniorum
545 3281 664 3365 legatos
686 3287 768 3345 totos
797 3282 957 3365 decepisse
987 3285 1155 3348 memoriae
1186 3285 1335 3362 traditum
1367 3303 1472 3365 neque

281 3388 355 3476 ἀνὴρ
379 3392 571 3456 vocabulum
593 3395 652 3456 hoc
675 3397 810 3458 vetuerit
832 3397 886 3458 cfr.
911 3397 1071 3479 Aristoph.
1096 3397 1180 3459 Nub.
1200 3399 1295 3479 1167,
1318 3417 1381 3480 quo
1404 3399 1471 3462 loco

281 3503 489 3587 Phidippides
520 3509 680 3588 ceteroqui
712 3505 860 3592 μειράκιον
891 3509 1068 3592 appellatus
1098 3511 1194 3574 semel
1224 3508 1326 3596 ἀνδρὸς
1356 3531 1472 3575 nomen

280 3617 405 3701 accipit.
452 3617 596 3682 Fortasse
620 3622 714 3683 etiam
736 3620 845 3704 fragm.
872 3621 910 3685 17
936 3621 987 3704 (Κ.
1015 3623 1089 3706 121)
1113 3623 1311 3688 Alcibiadem
1334 3613 1472 3707 respicit,
1534 3673 1539 3682 .

281 3729 345 3792 vid.
382 3729 560 3795 Cilbertum
591 3733 610 3794 l.
646 3733 665 3794 l.
697 3731 770 3814 223,
806 3735 863 3816 qui
896 3743 1055 3817 praeterea
1088 3737 1263 3800 rectissime
1295 3737 1406 3821 fragm.
1431 3739 1472 3802 15

285 3840 395 3904 Demis
419 3842 629 3923 abiudicavit;
659 3865 765 3928 neque
788 3847 826 3910 de
849 3848 959 3931 fragm.
985 3849 1026 3912 26
1051 3847 1101 3928 (Κ.
1128 3851 1203 3929 109)
1227 3852 1323 3913 nimis
1347 3851 1472 3914 dubita-

284 3955 385 4017 verim
408 3955 461 4017 cfr.
478 3955 605 4021 Gilbert.
623 3977 692 4041 pag.
711 3960 775 4022 224
798 3965 829 4022 et
851 3960 922 4022 adn.
941 3961 971 4042 6,
995 3980 1012 4023 e
1036 3981 1099 4043 quo
1113 3960 1232 4024 Cliniae
1254 3962 1319 4025 filio
1344 3977 1485 4046 quoque·

386 4160 409 4230 *1
434 4161 524 4217 Primo
549 4163 658 4232 quidem
683 4164 795 4233 Eupolis
819 4165 955 4220 Adulator.
983 4166 1150 4220 Alcibiadem
1174 4169 1285 4222 vexavit
1308 4167 1343 4222 Μ.
1362 4169 1397 4237 Π,
1421 4173 1474 4227 494

284 4248 313 4300 fr.
336 4252 367 4306 18
386 4248 428 4318 (Κ.
448 4249 470 4317 1,
489 4255 540 4308 300
558 4251 588 4302 fr.
609 4246 670 4319 158)
696 4268 812 4320 quocum
834 4253 893 4308 loco
918 4253 1036 4307 conferas
1055 4252 1177 4308 Pherecr.
1196 4256 1286 4324 fragm.
1305 4256 1358 4308 inc.
1377 4273 1417 4324 ap.
1436 4255 1473 4308 hl.

200 4362 205 4387 l
282 4333 304 4401 Ι,
323 4340 383 4404 342,
402 4341 418 4392 5
437 4335 481 4405 (Κ.
502 4337 523 4405 l,
544 4342 601 4406 194,
622 4340 697 4408 155);
722 4342 840 4394 ceterum
864 4339 1029 4393 Alcibiadem
1054 4358 1076 4393 a.
1103 4346 1154 4399 452
1179 4344 1270 4396 natum
1294 4358 1362 4409 esse,
1386 4342 1472 4396 Wilu·

282 4421 435 4476 mowitziue
453 4441 524 4478 nunc
543 4425 638 4478 statuit
655 4425 745 4480 Herm.
764 4425 820 4480 XX
838 4444 895 4496 pag.
914 4432 966 4484 482
984 4427 1043 4480 adn.
