3338 4954
723 235 938 298 -14-

234 423 385 506 pediunt;
418 423 469 486 vel
498 423 584 505 quod
614 423 665 485 hic
694 423 779 486 idem
812 423 876 486 fere
899 425 998 487 valet:
1030 424 1143 506 Argivi
1166 425 1206 486 ad
1229 445 1338 507 pacem
1361 446 1426 488 non
1464 475 1466 480 .

233 539 383 619 propensi
406 535 503 600 modo
525 537 589 599 huc
611 537 705 598 modo
729 536 807 598 illuc
828 537 994 599 inclinant.
1039 537 1123 600 Nam
1138 538 1277 619 primum
1295 539 1425 620 quidem

235 646 474 733 ἐπαμφοτερίζειν
504 649 660 712 vocabulo
691 649 795 711 lucem
820 648 982 730 quandam
1004 648 1092 712 affert
1114 648 1207 712 Pacis
1230 650 1347 714 1⁷:417
1372 651 1426 712 cfr.

237 764 331 825 etiam
354 763 452 824 Thuc.
476 761 520 842 ll,
544 763 580 824 9:
607 759 717 832 τούτοις
743 761 822 840 (scil.
847 762 978 843 Argivis
1001 766 1032 823 et
1054 761 1204 844 Achaeis)
1227 761 1253 824 δ’
1281 765 1310 833 ἐς
1333 761 1428 848 ἀμφο-

234 874 333 958 τέρους
363 872 446 960 φιλία
479 869 530 957 {pq
566 894 663 956 quam
694 874 734 936 oh
764 875 1012 936 inconstantiam
1043 893 1095 936 eos
1128 893 1221 956 saepe
1249 875 1428 938 ludificatos

235 1007 304 1051 csse
338 987 503 1050 scholiasta
526 987 599 1051 Pac.
621 987 686 1050 476
720 985 813 1048 nohis
847 985 981 1048 affirmat
1015 985 1072 1065 (διὸ
1101 983 1150 1047 καὶ
1179 987 1274 1050 πολλοὶ
1306 990 1428 1072 ἐκωμῳ-

235 1103 356 1179 dodran).
402 1100 525 1164 Deinde
552 1098 609 1185 οὐχ
639 1100 732 1162 ἕλκειν
762 1099 842 1161 illud
871 1105 902 1161 et
924 1097 1056 1182 ἐμποδὼν
1079 1099 1232 1180 καθῆσθαι
1255 1103 1428 1182 utrumque

236 1213 425 1294 adArgivos
448 1215 535 1296 pacis
559 1213 690 1275 omnino
713 1230 778 1272 non
802 1213 984 1293 appetentes
1007 1211 1207 1274 referendum
1224 1217 1279 1274 est.
1320 1214 1428 1295 Atque

237 1345 294 1410 cur
327 1324 403 1388 belli
437 1325 534 1388 finem
568 1323 637 1387 fieri
670 1323 783 1405 Argivi
813 1323 984 1402 noluerint,
1019 1343 1215 1405 quamquam
1245 1343 1355 1388 omnes
1385 1363 1427 1369 —

238 1444 394 1520 quantum
431 1439 524 1502 video
554 1475 596 1484 —-
625 1455 731 1498 rerum
767 1437 932 1517 scriptores
966 1436 1025 1498 hac
1059 1435 1097 1498 de
1125 1454 1158 1498 re
1189 1440 1304 1517 tacent,
1338 1438 1428 1500 facile

236 1551 448 1631 intellegetur,
483 1551 509 1612 si
538 1549 675 1632 Argivos
710 1566 783 1609 cum
815 1546 1073 1610 Lacedaemoniis
1107 1549 1237 1630 triginta
1270 1569 1427 1615 annorum

235 1663 354 1726 foederi
382 1661 446 1724 illis
477 1660 674 1744 temporibus
705 1659 783 1740 (scil.
808 1680 834 1721 a.
858 1659 935 1740 422)
964 1660 1147 1722 renovando
1171 1659 1297 1723 obviam
1321 1664 1427 1742 ivisse,

237 1776 302 1838 nisi
326 1774 506 1854 Cynosuris
530 1792 691 1851 concessa,
715 1772 801 1854 apud
823 1772 1042 1852 Thucydidem
1065 1772 1106 1852 V,
1132 1773 1182 1853 14,
1205 1774 1227 1836 4
1257 1774 1428 1856 011222

237 1889 420 1970 legerimus,
449 1887 513 1949 vid.
538 1888 632 1948 etiam
668 1883 767 1946 Muhl.
793 1884 812 1946 l.
836 1885 876 1946 l.:
911 1891 1038 1968 propter
1070 1884 1156 1946 illam
1191 1885 1299 1968 aliquo
1333 1887 1427 1949 modo

236 2002 308 2085 paci
345 2018 474 2082 quoque
510 1997 746 2082 componendae
786 2017 840 2060 eos
879 1997 992 2060 infeste
1028 1997 1210 2060 adversatos
1245 2017 1314 2061 esse
1362 2001 1429 2062 veri

242 2113 441 2176 simillimum
464 2113 543 2174 mihi
565 2111 699 2173 videtur.
733 2147 772 2154 —
802 2109 905 2192 Igitur
934 2111 1012 2172 haec
1039 2108 1146 2172 fabula
1168 2115 1240 2191 post
1264 2109 1309 2171 Ol.
1333 2112 1385 2191 89,
1407 2113 1427 2174 3

239 2225 328 2304 (421)
359 2225 484 2288 Lenaea
519 2229 602 2286 certe
635 2243 700 2285 non
735 2229 782 2284 est
816 2228 895 2302 acta,
931 2222 1016 2303 quod
1045 2241 1110 2283 non
1142 2223 1244 2284 solum
1268 2242 1309 2285 ex
1331 2225 1427 2285 Arist.

236 2337 330 2418 Pace,
363 2338 419 2400 sed
442 2357 459 2401 e
482 2336 706 2399 Pherecrateae
729 2333 951 2415 lugitivorum
981 2335 1050 2396 loco
1073 2335 1186 2414 elucet,
1217 2335 1349 2398 fortasse
1379 2335 1428 2397 his

236 2449 323 2512 ludis
353 2451 442 2533 ipsis,
477 2450 504 2511 si
535 2448 665 2530 quidem
690 2447 894 2530 Argivorum¹
913 2449 1002 2528 pacis
1030 2452 1231 2529 contemptus
1259 2449 1428 2531 praecipue

235 2564 320 2625 inter
348 2566 539 2644 postremam
561 2561 649 2642 pacis
678 2561 833 2622 actionem
857 2559 909 2622 vel
931 2561 1071 2622 actiones
1096 2559 1162 2638 (cfr.
1186 2558 1283 2644 Thuc.
1309 2559 1349 2642 V,
1376 2563 1427 2642 17)

236 2675 383 2758 apparuit
395 2672 431 2752 ²¹²).
479 2670 640 2734 Dramatis
662 2672 759 2734 huius
783 2672 913 2735 titulum
932 2691 996 2734 non
1013 2692 1078 2734 una
1094 2676 1229 2752 tanturn,
1253 2672 1308 2734 sed
1324 2673 1427 2736 trihus

237 2786 430 2850 coniecturis
463 2783 607 2848 Muhlius
644 2805 714 2867 pag.
750 2785 880 2849 89-90
912 2785 1071 2867 explicare
1105 2784 1245 2860 studuit;
1291 2805 1425 2867 quarum

235 2901 337 2982 prima
364 2897 403 2960 ad
426 2898 641 2979 fragmentum
665 2897 828 2980 quoddam
852 2897 905 2977 (M.
931 2897 971 2978 ll,
994 2897 1067 2977 261,
1094 2901 1127 2973 1;
1162 2895 1201 2958 Κ.
1224 2897 1250 2978 l,
1276 2897 1350 2978 151,
1372 2900 1427 2977 23)

235 3012 364 3094 respicit
393 3010 581 3092 parabaseos
612 3010 686 3071 olim
715 3016 848 3092 partem,
882 3009 977 3072 altera
1008 3011 1071 3071 iam
1094 3029 1150 3092 per
1173 3029 1206 3072 se
1228 3011 1428 3092 ineptissima

122 3147 124 3151 ·
236 3129 300 3202 est;
332 3123 417 3186 idem
449 3122 513 3185 fere
544 3121 628 3184 valet
650 3101 689 3183 'in
713 3123 846 3185 tertiam.
894 3120 964 3185 llea
988 3123 1144 3184 sententia
1168 3123 1328 3205 Aristoph.
1354 3122 1426 3185 Pac.

236 3257 266 3298 v.
289 3236 351 3299 451
378 3235 415 3298 al.
438 3235 496 3296 loc.
521 3233 615 3296 nobis
641 3234 726 3297 tituli
758 3234 938 3297 declarandi
968 3254 1079 3297 ansam
1110 3238 1146 3296 ut
1174 3235 1218 3296 ita
1242 3234 1347 3298 dicam
1370 3237 1426 3298 ali·

238 3368 335 3431 quam
364 3348 435 3428 dat,
470 3346 528 3410 ubi
557 3346 744 3409 scholiastae
774 3349 1066 3429 interpretationem
1097 3346 1189 3408 valde
1220 3348 1333 3427 miror,
1372 3349 1427 3430 qui

340 3595 362 3663 *)
391 3595 540 3662 Aptissime
567 3595 703 3649 Dobraeus
731 3595 843 3650 Advers.
871 3595 906 3662 Π,
934 3602 984 3654 600
1014 3597 1045 3648 fr.
1076 3599 1107 3650 12
1134 3594 1169 3647 Μ.
1198 3595 1243 3662 (K.
1268 3597 1298 3647 tr.
1323 3597 1369 3663 21)
1396 3595 1427 3647 ad

237 3683 415 3736 Athenienses
442 3682 548 3736 rettulit
574 3684 620 3736 otr.
643 3683 779 3750 Aristoph.
805 3682 866 3736 Pac.
892 3687 950 3740 503.
993 3681 1134 3748 Ceteroqui
1162 3699 1215 3735 non
1242 3681 1376 3749 ingratum
1403 3683 1430 3733 et

237 3770 319 3823 nimis
341 3771 416 3822 extra
439 3785 495 3831 rem
519 3785 578 3822 esse
602 3771 675 3836 puto,
703 3769 735 3820 de
754 3769 942 3836 Aristophanis
966 3769 1045 3822 Pacis
1068 3768 1125 3820 loco
1150 3769 1197 3821 illo
1222 3770 1277 3821 toto
1302 3767 1429 3820 nonnulla

237 3857 317 3910 verba
343 3855 446 3908 addere.
489 3855 568 3922 Apud
595 3855 801 3922 Aristophanem
828 3855 977 3918 Lamachus
1002 3857 1039 3924 (v.
1064 3853 1127 3922 473)
1155 3855 1250 3922 Argivi
1276 3859 1336 3922 (475
1363 3854 1428 3921 seq.)

236 3943 404 4012 Megarenses
441 3941 501 4016 (481
536 3943 563 3992 ct
596 3941 658 4010 500)
689 3943 867 3996 Athenienses
902 3943 976 4012 (503)
1007 3943 1081 4008 pacis
1111 3958 1163 3993 non
1193 3941 1336 3994 admodum
1366 3943 1430 3994 sunt

237 4031 361 4096 studiosi,
389 4043 451 4081 cum
469 4027 640 4094 Thucydides
658 4028 691 4095 V,
713 4034 743 4086 17
767 4029 881 4082 Boeotos
907 4028 1060 4082 Corinthios
1088 4027 1145 4096 (cir.
1165 4029 1210 4097 25)
1235 4027 1313 4080 Eleos
1340 4026 1429 4094 Mega-

236 4131 327 4169 renses
346 4131 409 4182 pace
427 4113 575 4181 composita
592 4130 644 4167 non
662 4117 799 4169 contentos
812 4116 896 4168 fuisse
909 4114 1020 4184 (τούτοις
1034 4112 1081 4168 οὐκ
1094 4109 1189 4186 ἤρκεσε
1204 4113 1237 4168 τὰ
1251 4113 1429 4187 πρασσόμενον)

237 4205 338 4269 nnrret3
360 4216 426 4270 quos
444 4200 498 4253 iam
515 4201 592 4252 antea
609 4201 746 4255 molestias
764 4203 892 4270 quasdam
910 4202 1073 4270 praebuisse,
1097 4199 1295 4267 Megarensium
1314 4217 1429 4253 comme-

237 4289 347 4342 moratio
373 4289 487 4354 utroque
512 4287 571 4340 loco
598 4289 706 4341 exstans
730 4289 788 4341 veri
813 4288 901 4342 simile
926 4287 994 4340 mihi
1018 4287 1126 4340 reddere
1146 4287 1261 4340 videtur.
1299 4286 1428 4354 suppleas

236 4373 321 4441 igitur
338 4389 352 4427 e
370 4388 459 4427 rerum
478 4372 606 4441 scriptore
624 4375 766 4442 comicum,
785 4391 800 4428 e
818 4375 920 4428 comico
939 4389 1028 4428 rerum
1047 4371 1212 4438 scriptorem.
