3338 4954
746 212 967 276 ..3ss-

259 401 438 475 Λαισποδίας
455 401 486 466 δὲ
503 401 548 486 (δέ
564 422 624 466 om.
638 402 688 484 V,
712 404 769 486 qui
784 407 816 466 et
831 402 1049 466 antecedentia
1065 403 1218 486 neglexit)
1234 401 1283 468 καί
1296 403 1448 490 Δαμασίας

256 514 293 590 ὡς
322 515 503 602 κακόκνημοι
531 513 745 601 διαβάλλονται.
791 514 964 600 μνημονεύει
995 514 1027 578 δὲ
1059 513 1151 578 αὐτῶν
1181 513 1231 579 καί
1261 511 1387 590 Εὔπολις
1418 521 1448 582 ἐν

258 628 367 714 Δήμοις
391 667 432 674 -
456 649 568 694 versus
590 629 774 706 laudantur,
800 648 881 710 quos
904 630 968 691 iam
992 649 1090 712 supra
1111 631 1244 693 tractavi
1268 668 1320 713 -,
1349 637 1448 695 τοῦτον

259 740 292 804 δὲ
315 739 494 806 Λαισποδίαν
517 738 566 805 καὶ
590 738 785 826 στρατηγῆσαί
808 765 880 826 φησι
903 739 1081 824 Θουκυδίδης
1098 743 1127 804 ἐν
1143 741 1172 825 η’
1196 741 1271 826 [86].
1308 743 1450 829 μέμνηται

257 852 290 918 δὲ
321 851 409 920 αὐτοῦ
432 852 577 940 Φρύνιχος
607 856 637 917 ἐν
661 853 846 942 Κωμασταῖς,
878 852 916 926 ὡς
946 859 1106 938 πολεμικοῦ
1129 853 1278 938 γεγονότος
1303 895 1341 902 -
1368 878 1450 940 quae

258 968 372 1031 deiude
416 973 543 1032 exstant
585 967 680 1031 verba
724 967 825 1030 eidem
870 969 1109 1044 commentatori
1154 967 1287 1049 Didymi
1329 971 1450 1035 scilicet

259 1081 373 1165 opibus
396 1100 455 1144 uso
479 1080 642 1144 debemus.
694 1079 755 1144 Sed
788 1079 955 1143 redeamus
985 1100 1073 1143 nunc
1096 1081 1135 1143 ad
1158 1083 1294 1163 priorem
1318 1087 1450 1165 partem,

257 1193 315 1256 ubi
345 1199 416 1277 post
445 1193 612 1276 Eupolidis
641 1192 745 1275 Pagos
779 1193 870 1255 locus
905 1193 1035 1274 quidam
1063 1170 1290 1273 Thucydidcus
1325 1197 1449 1276 cita-tur,

259 1326 354 1389 quem
385 1305 465 1369 libro
488 1305 517 1389 η’
540 1304 623 1368 VIII
647 1307 806 1368 exstitisse
830 1303 866 1367 R.
892 1299 986 1366 tradit
1009 1304 1084 1385 (cfr.¹
1099 1305 1191 1389 Ald.;
1216 1306 1254 1368 V.
1280 1312 1310 1369 et
1333 1306 1449 1370 Suidas

258 1420 287 1482 ἐν
310 1424 347 1503 τῇ
370 1417 398 1502 η’
421 1419 561 1502 habent),
588 1415 774 1480 Dindorfins
806 1422 836 1480 et
864 1415 1058 1480 Duebnerns
1090 1418 1192 1499 capite
1216 1417 1256 1482 86
1288 1419 1450 1482 invenisse

258 1550 291 1593 se
314 1530 393 1593 falso
416 1531 628 1594 crediderunt.
675 1527 757 1592 Nam
780 1528 844 1590 illic
866 1527 1074 1612 Laespodiam
1098 1535 1295 1616 στρατηγῆσαι
1318 1534 1448 1596 omnino

140 1716 143 1725 Ι
260 1662 324 1705 non
359 1646 522 1723 narratur,
562 1642 615 1705 sed
655 1643 762 1724 potius
797 1661 887 1723 enm,
926 1642 1184 1724 Aristophontem
1219 1642 1451 1726 Milesiamque,
1493 1684 1496 1696 ·

258 1755 416 1837 legatos
439 1774 457 1817 a
479 1754 721 1837 quadringentis
736 1753 879 1836 Spartam
898 1754 1088 1836 designatos,
1112 1748 1266 1819 aParalis
1282 1765 1318 1819 ut
1332 1758 1452 1839 patriae

258 1867 433 1950 proditores
457 1866 586 1952 Argivis
609 1868 739 1931 traditos
763 1886 846 1944 esse;
884 1867 1002 1950 quippe
1027 1869 1082 1952 qui
1113 1887 1178 1931 non
1210 1869 1313 1932 solum
1338 1869 1450 1953 oligar-

260 1980 391 2043 chorum
416 1984 522 2058 essent
545 1979 653 2061 duces,
677 1999 787 2044 verum
815 1981 909 2044 etiam
938 2000 1012 2042 cum
1035 1980 1281 2044 Atheniensium
1304 1981 1450 2046 hostibus

258 2111 369 2175 pacem
386 2093 473 2154 omni
489 2093 582 2155 modo
595 2110 783 2176 componere
799 2093 979 2176 cogitarent.
1003 2091 1116 2175 Itaque
1132 2098 1328 2179 στρατηγῆσαι
1346 2100 1451 2178 aperte

235 2209 448 2288 corruptum
482 2210 513 2269 et
549 2205 726 2290 πρεσβεῦσαι
750 2205 990 2277 restituendum
1027 2223 1095 2268 esse
1130 2205 1245 2269 dixerit
1283 2209 1450 2290 quispiam.

161 2395 163 2402 ἲ
261 2317 323 2381 Sed
345 2317 446 2388 multo
478 2317 593 2381 melius
617 2318 729 2400 opinor
752 2336 862 2380 omues
886 2316 1086 2380 difficultates
1110 2318 1170 2381 alia
1194 2319 1245 2381 via
1270 2320 1447 2384 diluuntur.

258 2429 396 2492 Evolvas
429 2449 547 2511 quaeso
577 2430 674 2494 Thuc.
698 2429 755 2511 VI,
788 2429 861 2511 105,
883 2431 914 2510 2,
947 2431 1003 2512 qui
1036 2431 1127 2493 locus
1161 2431 1232 2494 talis
1266 2432 1450 2496 exhibetur:

256 2540 407 2625 Ἀθηναῖοι
434 2579 471 2588 -
494 2579 536 2586 —-
559 2539 736 2628 Πυθοδώρου
760 2539 809 2605 καί
832 2538 1010 2606 Λαισποδίου
1033 2539 1083 2605 καί
1103 2541 1279 2628 Δημαράτου
1303 2542 1454 2631 ἀρχόντων

259 2652 421 2740 ἀποβάντες
452 2654 482 2724 ἐς
510 2651 688 2740 Ἐπίδαυρον
717 2653 769 2738 την
799 2655 932 2740 Διμηροὶν
963 2652 1011 2718 καὶ
1043 2654 1174 2740 Πρασιὰς
1208 2652 1258 2719 καί
1289 2652 1344 2720 δ’σα
1376 2651 1452 2720 ἄλλα

260 2765 395 2852 ἐδῄωσαν
417 2768 468 2849 τῆς
490 2771 550 2851 γῆς,
581 2764 631 2830 καί
661 2767 718 2840 τοῖς
741 2765 980 2852 Λακεδαιμονίοις
1009 2761 1067 2851 ἤδη
1092 2765 1319 2853 εὐπροφάσιστον
1344 2773 1453 2853 μᾶλλον

259 2879 311 2963 τὴν
346 2876 439 2942 αἰτίαν
474 2881 503 2950 ἐς
536 2878 601 2951 τοὺς
633 2877 804 2964 Ἀθηναίους
838 2885 889 2944 τοῦ
922 2877 1086 2964 οίμιίνεσθαι
1120 2878 1269 2963 ἐποίησαν.
1332 2881 1453 2945 Eccum

260 2993 471 3076 Laespodiam
492 2993 740 3057 AthenIeusium
764 2994 888 3058 ducem.
944 2992 996 3055 Ad
1022 2993 1109 3055 hune
1131 2993 1325 3074 ThucydidIs
1347 2995 1452 3058 locum

262 3107 341 3190 quin
366 3104 533 3168 scholiasta
555 3105 608 3168 ille
624 3105 826 3171 doctissimus
841 3107 1026 3190 respexerit,
1048 3123 1141 3168 nemo
1166 3105 1324 3170 dubitabit
1346 3127 1452 3189 neque

262 3229 433 3310 quisquam
463 3227 540 3288 olim
570 3223 641 3311 φησὶ
671 3225 849 3311 Θουκυδίδης
880 3229 910 3291 ἐν
938 3228 1025 3302 [=
1057 3226 1075 3304 d
1106 3226 1168 3306 (vel
1192 3227 1323 3291 fortasse
1340 3225 1375 3308 Z)
1399 3247 1455 3292 ex-

263 3349 380 3412 stitisse
412 3366 476 3410 non
508 3347 630 3429 credet,
664 3367 681 3412 e
711 3369 775 3432 quo
802 3356 912 3433 postea
941 3348 1006 3412 leni
1037 3347 1214 3430 corruptela
1245 3349 1274 3411 ἐν
1305 3347 1344 3413 H‘
1373 3349 1454 3412 illud

262 3465 375 3524 natum
406 3461 455 3523 sit.
525 3457 573 3522 De
602 3460 698 3523 altera
726 3461 880 3525 librorum
907 3459 1185 3542 Thucydideorum
1214 3460 1371 3525 divisione
1401 3461 1452 3523 hic

260 3593 326 3636 uon
361 3571 567 3656 cogitandum
607 3577 663 3635 est
694 3573 769 3654 (vid.
806 3573 1026 3638 Wilamowitz.
1070 3592 1135 3636 cur.
1171 3572 1313 3655 Thucyd.
1348 3594 1450 3658 progr.

263 3685 402 3768 Gotting.
429 3683 513 3748 1885
535 3704 607 3768 pag.
632 3685 649 3749 7
676 3687 764 3768 seq.).
810 3685 959 3750 Nostram
983 3691 1053 3748 octo
1076 3685 1227 3776 librorum
1251 3688 1454 3769 partitIonem

261 3797 485 3880 Aristophanis
509 3803 771 3863 commentatores
795 3820 894 3864 unam
917 3805 991 3863 ante
1013 3798 1122 3861 oculos
1145 3797 1306 3881 habuisse,
1341 3799 1454 3862 docent

261 3911 357 3975 schol.
381 3909 441 3973 Av.
470 3908 529 3978 186
553 3909 632 3972 Ach.
658 3910 732 3993 270,
768 3914 915 3995 quamvis
949 3911 1110 3994 plerisque
1143 3909 1222 3972 locIs
1255 3916 1381 3975 tantum
1415 3909 1453 3982 ὡς

261 4018 442 4104 Θουκυδίδης
472 4021 511 4084 al.
544 4023 637 4085 simil.
673 4029 809 4089 exstent.
866 4024 999 4106 Saepius
1034 4028 1297 4086 commemoratur
1330 4025 1453 4106 primus

260 4133 340 4198 liber
362 4140 400 4197 ut
420 4133 494 4196 Pac.
512 4135 586 4215 212,
602 4134 676 4215 242,
692 4137 755 4202 ato
771 4139 831 4202 Aa.
849 4137 921 4216 147,
937 4135 1002 4198 484
1023 4135 1146 4197 Τίιοεια.
1172 4133 1249 4210 697;
1275 4134 1355 4198 Rau.
1379 4135 1453 4216 541,

261 4246 318 4309 ubi
342 4243 428 4309 αὐτόν
451 4264 565 4330 nempe
580 4247 806 4312 Theramenem
829 4251 859 4312 ἐν
882 4246 1014 4333 πρώτῳ
1038 4248 1152 4310 ἐπαινεῖ
1173 4245 1352 4332 Θουκυδίδης
1374 4248 1452 4310 falso

262 4358 352 4421 codd.
376 4357 529 4442 praebent
562 4378 682 4443 omnes,
717 4381 783 4425 non
817 4361 949 4426 Suidas:
984 4360 1060 4423 item
1084 4359 1210 4422 numeri
1242 4360 1455 4444 corruptelam
