3338 4954
716 275 931 340 ..37-

222 460 388 526 habemus.
405 499 446 510 -
463 461 524 526 Sed
540 482 719 546 pergarnus.
755 462 957 548 Laespodias,
978 465 1033 548 qui
1050 464 1119 527 dux
1135 472 1259 530 creatus
1273 464 1321 532 Ol.
1335 467 1418 546 91,3

224 574 254 654 (i.
280 591 308 636 e.
334 574 410 637 anni
433 573 509 653 414)
544 580 661 638 aestate
695 579 751 639 aut
786 579 960 640 auctumno
990 575 1314 640 Lacedaemoniorum
1349 598 1419 642 oras

227 686 414 770 devastavit,
445 707 463 749 a
493 686 677 768 Phrynicho
705 690 739 750 in
764 687 1030 753 Comissatoribus
1061 694 1097 752 ut
1126 690 1219 753 modo
1250 689 1420 754 bellicosus

223 799 326 863 factus
350 837 389 844 —
414 819 487 862 nam
511 800 555 862 ita
578 798 733 884 πολεμικὸς
748 797 872 883 γεγονώς
896 801 1083 865 vertendum
1108 806 1165 883 est,
1188 821 1253 865 non
1276 801 1419 866 bellicosi

221 913 314 975 horno
337 913 470 995 ingenii,
496 913 582 995 quod
600 911 758 977 Meinehio
775 911 819 995 ΙΙ,
831 912 895 978 476
917 912 1038 997 placuit
1062 950 1097 958 —-
1125 913 1309 978 ludificatur
1332 916 1418 978 vide·

220 1024 295 1088 licet
323 1025 401 1088 anni
434 1025 635 1108 insequentis
662 1024 797 1088 Lenaeis
831 1029 887 1088 aut
919 1023 1095 1107 Dionysiis.
1153 1025 1266 1109 Itaque
1293 1026 1419 1110 'Bergki

222 1137 379 1200 sententia
407 1140 472 1200 tota
503 1139 621 1201 corruit
650 1137 858 1221 fabulamque
887 1137 975 1200 illam
1005 1139 1073 1202 sine
1104 1137 1202 1203 dubio
1225 1145 1308 1203 recte
1332 1159 1417 1202 anno

221 1248 284 1310 413
316 1247 561 1332 assignabimus.
619 1250 771 1314 Similiter
806 1250 844 1313 de
872 1248 994 1314 Muhlio
1025 1250 1235 1314 iudicandum
1268 1255 1326 1332 est,
1358 1252 1416 1342 qui

223 1361 308 1444 quod
343 1379 384 1425 ne
413 1361 572 1444 Berglrius
587 1346 592 1354 ¹
608 1362 737 1445 quidem
772 1377 871 1426 ausus
906 1367 963 1444 est,
996 1362 1171 1444 Phrynichi
1201 1360 1347 1426 Gonnum
1383 1369 1414 1426 et

222 1471 360 1536 Oronum
384 1475 613 1557 Amipsiaeque
639 1473 786 1538 Gonnum
810 1476 854 1538 ita
877 1475 1021 1539 confudit
1041 1496 1113 1560 pag.
1136 1476 1190 1557 90,
1213 1480 1249 1538 ut
1270 1476 1413 1540 has'tres

221 1586 400 1650 comoedias
424 1606 521 1650 unam
546 1588 746 1670 eandemque
767 1587 909 1651 fabulam
932 1607 1001 1664 esse
1016 1587 1186 1652 affirmaret
1229 1586 1277 1651 De
1294 1587 1416 1669 Phry-

220 1700 330 1762 nichi
347 1697 480 1762 Conna
503 1699 582 1762 nihil
605 1700 694 1763 aliud
710 1704 848 1764 statuere
871 1720 1054 1785 possumus,
1077 1702 1141 1765 nisi
1163 1705 1235 1783 post
1251 1699 1416 1785 Euripidis

221 1810 365 1875 Medeam
396 1831 465 1875 earn
496 1817 598 1876 actam
629 1830 697 1875 esse
726 1811 759 1875 id
790 1817 838 1876 est
859 1818 931 1896 post
955 1811 1002 1876 01.
1029 1813 1080 1895 87,
1107 1814 1121 1876 1
1148 1812 1189 1899 (a.
1214 1809 1310 1898 431);
1342 1834 1418 1877 nam

221 1922 262 1985 M.
287 1922 329 1986 ΙΙ.
354 1922 418 1987 582
439 1925 476 1986 fr.
501 1924 521 1987 2
544 1919 597 2008 (Κ.
623 1924 650 2005 l,
672 1925 736 1988 372
759 1924 794 1990 fr.
818 1921 853 2009 7)
883 1932 988 2008 aperte
1017 1925 1105 1989 illius
1135 1924 1263 1989 fabulae
1294 1945 1418 2009 semper

221 2035 437 2101 nobilissimae
452 2056 564 2102 versus
580 2036 644 2100 070
659 2037 693 2098 in
709 2036 883 2100 ridiculum
900 2035 1088 2101 deflectitur.
1125 2037 1280 2101 Eiusdem
1303 2043 1417 2122 poetae

225 2147 378 2213 Oronus
412 2149 521 2214 fabula
556 2149 729 2233 quinquies
763 2168 780 2210 a
814 2147 948 2213 diversis
981 2151 1086 2234 iisque
1118 2150 1192 2213 fidis
1227 2151 1415 2215 auctoribus

224 2260 389 2325 testificata
414 2261 533 2346 quibus
564 2259 760 2344 temporibus
790 2260 961 2325 tribuenda
984 2264 1025 2326 sit
1052 2263 1146 2346 plane
1168 2264 1289 2346 ignoro.
1316 2262 1416 2327 ‘Nam

221 2370 402 2456 Diopithem
426 2375 461 2437 f.
481 2376 497 2438 1
523 2378 588 2458 (ap.
613 2372 652 2436 M.
669 2372 712 2454 ll,
736 2371 809 2454 583,
831 2373 870 2436 K.
887 2373 914 2455 Ι,
937 2375 1001 2439 378
1023 2375 1058 2442 fr.
1075 2376 1109 2457 9)
1134 2381 1416 2439 commemoratum
1438 2470 1440 2473 Ι
1534 2432 1536 2437 .

223 2486 361 2550 eundem
392 2489 478 2572 apud
508 2486 718 2551 Plutarchum
747 2486 859 2549 Pericl.
885 2487 936 2570 38,
966 2487 1076 2552 Telecl.
1106 2488 1334 2571 Amphictyon.
1367 2510 1414 2572 ap.

222 2598 263 2660 M.
288 2599 331 2683 Π,
355 2601 419 2665 364
441 2601 476 2666 fr.
502 2602 530 2681 6,
553 2601 650 2664 Arist.
672 2597 730 2682 Eq.
758 2598 852 2682 1085,
875 2601 998 2684 Aurips.
1025 2600 1124 2664 Conn.
1142 2598 1182 2666 M.
1199 2599 1242 2683 ΙΙ,
1259 2601 1323 2665 704
1345 2602 1416 2668 fr?

212 2706 271 2793 (K.
285 2711 310 2794 Ι,
326 2713 389 2779 673
402 2714 438 2777 fr.
454 2715 518 2798 10),
534 2714 629 2777 Arist.
644 2712 740 2795 Vesp.
758 2711 833 2794 380,
848 2713 909 2774 Ar.
928 2713 991 2778 988
1009 2719 1039 2778 et
1055 2712 1139 2778 Xen.
1156 2713 1239 2778 Hell.
1255 2713 1316 2797 ΙΙΙ,
1333 2716 1364 2797 3,
1385 2717 1416 2798 3,

220 2823 304 2889 Plut.
322 2826 441 2910 Agesil.
459 2828 478 2890 3
495 2827 642 2907 inveniri,
666 2844 739 2888 cum
756 2824 878 2888 Kockio
895 2826 972 2906 (vid.
989 2827 1060 2893 adn.
1077 2827 1116 2890 ad
1132 2825 1191 2910 Eq.
1216 2833 1246 2891 et
1269 2830 1328 2894 Av.
1344 2828 1364 2891 Ι.
1382 2828 1416 2907 l.)

220 2943 329 3002 contra
351 2939 446 3024 Vesp.
477 2939 633 3003 scholium
657 2938 720 3001 380
751 2939 829 3001 mihi
858 2939 925 3002 veri
954 2939 1056 3002 simile
1086 2958 1155 3003 esse
1185 2939 1323 3022 videtur,
1356 2939 1411 3002 cf.

220 3052 313 3114 etiam
338 3050 476 3116 Lobeclri
492 3051 647 3134 Aglaoph.
664 3071 736 3135 pag.
753 3050 826 3115 981.
872 3052 981 3134 Atque
1003 3053 1143 3135 primum
1167 3052 1297 3135 quidem
1321 3052 1413 3115 illum

219 3165 445 3248 Anaxagoram
470 3183 637 3228 accusasse
653 3165 823 3227 memoriae
838 3164 984 3245 traditur,
1006 3169 1165 3248 postremo
1184 3164 1314 3248 Spartae
1338 3183 1411 3228 eum

220 3275 385 3340 oraculum
409 3277 448 3342 de
471 3277 585 3342 claudo
608 3296 705 3360 regno
723 3276 877 3342 adversus
893 3276 1081 3361 Agesilaum
1098 3278 1222 3341 dedisse
1239 3297 1323 3340 anno
1340 3277 1414 3358 396,

221 3393 392 3472 postquam
416 3391 517 3474 patria
539 3390 669 3454 fortasse
693 3409 717 3452 c.
743 3389 808 3452 404
831 3390 1008 3473 emigravit,
1031 3391 1075 3452 ita
1098 3397 1134 3453 ut
1157 3389 1280 3455 Gronus
1303 3389 1411 3454 fabula

221 3505 295 3566 ante
318 3500 463 3567 Euclidis
487 3522 609 3566 annum
632 3503 665 3565 in
689 3522 837 3567 scaenam
861 3504 933 3567 data
956 3521 1025 3566 esse
1047 3504 1156 3586 possit.
1182 3540 1222 3548 κ

324 3613 495 3697 Phillyli
512 3614 738 3697 Plyntriae,
755 3617 789 3679 in
806 3636 870 3700 qua
886 3616 1078 3699 Laespodias
1096 3614 1135 3679 ob
1151 3615 1258 3678 litium
1274 3634 1414 3679 amorem

220 3727 453 3812 exagitabatur,
477 3733 549 3792 ante
574 3728 620 3791 01.
642 3730 695 3810 92,
719 3730 739 3792 8
763 3731 840 3792 mihi
863 3728 1016 3813 producta
1040 3747 1109 3792 esse
1132 3728 1268 3810 videtur,
1293 3729 1319 3791 si
1344 3729 1415 3811 qui-

220 3839 291 3904 dem
315 3841 492 3925 Antiphon,
516 3861 542 3904 a.
567 3841 689 3922 411710
712 3843 821 3905 mortis
845 3842 1086 3922 condemnatus
1114 3842 1184 3904 eius
1215 3840 1414 3904 adversarius

218 3952 289 4034 fuit,
302 3953 356 4015 cfr.
370 3951 524 4037 Harpocr.
539 3974 562 4018 s.
576 3975 605 4017 v.
620 3952 758 4031 ἀπιστεῖν,
773 3953 919 4041 Γαληψός,
932 3951 1095 4030 ἐπίσκοπος,
1108 3951 1239 4038 Οἰσύμη;
1259 3973 1323 4036 quo
1339 3973 1413 4016 cum

219 4069 340 4129 oratore
364 4066 669 4151 quadringentorum
695 4069 787 4150 quasi
818 4068 919 4150 capite
950 4067 1044 4151 paulo
1075 4072 1147 4150 post
1175 4068 1210 4129 in
1238 4067 1412 4129 amicitiam

220 4179 353 4243 rediisse
376 4179 468 4242 illurn
491 4179 574 4243 facta
596 4181 665 4265 ipsa
689 4181 810 4244 docent.

322 4290 372 4356 De
387 4291 601 4377 Eupolidis
625 4293 868 4357 Imbellibus
891 4292 1139 4375 disputationem
1155 4311 1246 4355 suam
1258 4290 1411 4354 Wilamo-

221 4405 347 4470 witzius
377 4405 500 4470 observ,
531 4408 596 4468 crit.
627 4428 697 4491 pag.
721 4407 760 4471 51
787 4425 852 4489 seq.
885 4405 962 4467 mihi
994 4425 1057 4469 non
1086 4404 1250 4488 probavit,
1283 4404 1340 4486 qui
1370 4402 1412 4465 M.
