3338 4954
690 219 955 304 '-es-

254 427 290 489 fr.
314 425 402 508 411,
425 426 487 493 437
512 425 564 510 (K.
589 425 616 508 I,
639 427 702 494 266
725 425 762 490 fr.
788 427 844 508 36)
875 425 914 489 ad
937 425 1163 509 Pyrilampem,
1191 423 1285 489 Demi
1315 431 1446 508 patrem,

255 537 377 602 rettulit
398 537 487 629 Prot,
501 538 613 604 Pericl.
633 539 673 602 13
689 542 880 622 comparato,
904 537 961 600 ubi
984 539 1061 602 haec
1083 537 1250 620 leguntur:
1275 535 1446 622 διεβάλλετο

256 649 321 713 scil.
347 648 483 714 Pericles
517 688 558 696 —
593 647 632 722 εἴς
656 675 687 715 τε
709 650 760 722 τὰς
782 648 990 735 Πυριλάμπους
1013 647 1242 735 ὀρνιθοτροφίας,
1274 644 1305 722 ὃς
1336 649 1447 734 ἑταῖρος

255 767 306 824 τοῦ
321 761 497 847 Περικλέους
521 760 613 826 αἰτίαν
638 761 702 850 εἶχε
724 757 835 834 ταῶυας
859 760 974 848 ὑφιέναι
989 763 1051 834 ταῖς
1070 759 1193 846 γυναιξὶν
1210 760 1254 832 αἷς
1270 759 1285 824 ὁ
1303 760 1448 847 Περικλῆς

258 871 442 966 ἐπληοίαζεν.
487 875 548 939 Sed
568 877 708 958 primum
726 875 855 958 quidem
878 874 983 938 verbis
1006 873 1117 938 τοιόνδε
1131 869 1227 938 ταῶνα
1240 876 1325 957 apud
1340 874 1450 956 Eupo-

256 986 351 1050 lidem
375 1007 439 1050 non
465 988 544 1068 aviS,
568 988 623 1050 scd
647 987 763 1071 aliquis
787 988 879 1070 quasi
901 1007 983 1070 pavo
1009 987 1139 1070 quidam
1162 991 1246 1050 recte
1262 985 1384 1049 Kockio
1409 986 1449 1048 ad

256 1097 293 1160 fr.
318 1098 359 1161 36
383 1098 556 1181 significari
586 1100 728 1178 videtur,
762 1099 833 1163 dein
865 1101 994 1163 omuino
1025 1100 1090 1172 τοὺς
1115 1093 1250 1169 εὕδοντος
1280 1118 1345 1161 non
1378 1104 1450 1181 apto

258 1209 298 1272 ad
321 1210 470 1274 mulieres
493 1211 617 1295 aliquas
638 1211 781 1274 refertur.
828 1210 974 1274 Concidit
1003 1231 1076 1295 crgo
1100 1213 1194 1274 etiam
1219 1211 1297 1274 alter
1319 1211 1408 1274 locus
1432 1231 1451 1273 a

263 1320 510 1387 Wilamowitzio
531 1324 691 1404 laudatus,
716 1323 772 1405 qui
795 1343 843 1406 ap.
867 1322 1178 1388 Plnt.Moral.581e
1202 1328 1319 1400 exstat3
1345 1343 1451 1406 neque

265 1435 439 1517 quicquam
462 1440 584 1499 certum
608 1435 646 1498 de
669 1434 852 1498 Imbcllium
876 1437 1000 1499 actione
1031 1438 1127 1500 statui
1155 1454 1247 1519 posse
1270 1433 1451 1515 fatebimur,

263 1547 452 1629 priusquam
475 1553 513 1611 ut
536 1547 574 1612 de
589 1547 738 1611 Pisandri
757 1547 959 1631 expeditione
974 1549 1013 1611 ad
1030 1531 1194 1611 Pactolum
1217 1546 1299 1610 facta
1323 1547 1368 1626 (oi
1383 1596 1389 1608 .
1407 1546 1450 1609 hl.

146 1677 151 1690 ·
260 1657 297 1719 fr.
325 1658 353 1739 1,
376 1657 415 1721 K.
441 1660 477 1721 fr.
499 1660 555 1742 31)
578 1660 699 1743 aliquid
723 1664 853 1723 eruatur
876 1660 1094 1744 contigerit.·*)
1140 1659 1201 1722 Sed
1224 1659 1354 1723 fortasse
1377 1677 1453 1722 con·

263 1770 384 1833 iectura
406 1776 532 1854 tempus
556 1778 587 1835 ct
609 1791 731 1834 annum
753 1772 899 1835 hariolari
921 1791 1104 1854 possumne,
1128 1793 1190 1855 qno
1213 1791 1263 1836 res
1287 1771 1340 1834 illa
1363 1776 1452 1854 gesta

252 1883 314 1945 sit.
361 1882 481 1948 Evolve
503 1883 699 1965 Thucydidis
722 1882 838 1947 librum
862 1883 954 1966 VIII,
984 1884 1041 1948 nbi
1070 1905 1087 1948 a
1111 1887 1212 1968 capite
1234 1885 1276 1950 49
1300 1883 1454 1946 Pisander

263 1994 508 2062 Atheniensium
545 1997 613 2059 dux
645 2001 749 2080 partes
783 2016 901 2080 easque
936 2017 1076 2060 summas
1110 2016 1203 2081 agore
1237 1997 1354 2080 coepit3
1397 1997 1453 2078 qui

263 2109 399 2173 Athenis
414 2128 560 2173 reversus
576 2108 656 2193 (cap.
671 2109 737 2193 53),
762 2109 875 2173 deinde
891 2109 930 2173 ad
945 2110 1187 2192 Tissaphernem
1208 2115 1239 2173 et
1253 2108 1453 2172 Alcibiadem

265 2222 383 2285 missus
414 2227 492 2306 (cap.
516 2221 559 2285 54
582 2222 687 2302 ethii)
715 2242 781 2286 rem
811 2243 902 2286 suam
932 2227 996 2286 tam
1027 2223 1109 2286 male
1137 2223 1250 2306 gessit,
1286 2226 1323 2286 ut
1351 2221 1454 2284 Tissa-

263 2334 398 2417 phernes
420 2355 496 2399 mox
518 2336 646 2397 tertium
670 2354 744 2398 cum
760 2333 1018 2398 Lacedaemoniis
1041 2334 1153 2398 foedus
1176 2337 1271 2399 iniret
1294 2336 1372 2418 (cap.
1389 2334 1452 2412 57).

264 2445 380 2510 Nonne
402 2446 471 2511 fieri
493 2449 608 2530 potnit,
631 2451 667 2510 ut
689 2452 744 2510 aut
767 2451 869 2529 antea,
893 2467 967 2510 cum
996 2449 1078 2511 circa
1103 2446 1217 2510 Chium
1245 2445 1455 2510 otheninum

264 2559 388 2622 insulas
413 2558 530 2623 bellum
554 2564 713 2623 exarserat
736 2559 801 2640 (cfr.
815 2559 907 2642 VIII,
929 2560 972 2623 24
994 2580 1071 2643 seq,
1094 2561 1136 2623 30
1157 2562 1247 2643 sep),
1270 2565 1326 2623 aut
1347 2563 1456 2642 postea

264 2670 420 2736 Pisander
440 2670 700 2756 quibuscumque
717 2673 822 2736 causis
845 2677 950 2736 motus
967 2673 1006 2737 ad
1021 2673 1187 2736 Pactolum
1203 2671 1456 2755 proficisceretur

266 2802 339 2846 cum
370 2785 616 2848 Atheniensium
647 2786 806 2848 exercitus
834 2791 922 2869 parte
954 2786 1108 2869 quadam,
1138 2787 1222 2848 siout
1251 2784 1456 2865 Phrynichus

267 2902 375 2961 contra
398 2896 562 2961 *Miletum
605 2897 721 2961 frustra
765 2899 1001 2982 expeditionem
1045 2903 1243 2981 susceperat,
1287 2897 1350 2959 vid.
1388 2915 1455 2978 cap.

266 3010 420 3075 25—27?
465 3008 553 3074 Bene
582 3029 653 3074 mea
682 3011 811 3094 quidem
842 3013 999 3076 sententia
1021 3011 1090 3075 fieri
1112 3011 1226 3093 potuit,
1253 3010 1362 3092 itaque
1391 3027 1457 3070 non

266 3125 340 3185 ante
355 3121 465 3185 Niciae
487 3141 597 3205 pacem
621 3122 803 3187 imbellium
820 3125 1014 3188 comoediam
1037 3128 1140 3187 actam
1163 3142 1231 3186 esse
1254 3126 1331 3206 puto
1356 3157 1396 3165 -—
1422 3123 1458 3183 ut

267 3233 533 3298 Wilamowitzius
563 3235 727 3318 aliquanto
758 3237 911 3300 audacius
940 3255 957 3300 e
985 3237 1076 3300 titulo
1106 3238 1174 3321 ipso
1206 3234 1363 3298 conclusit
1385 3253 1456 3316 pag.

267 3345 306 3410 51
333 3385 372 3392 —
398 3347 453 3410 sod
476 3352 644 3430 postquam
669 3349 879 3412 Athenienses
903 3349 990 3412 clade
1014 3349 1172 3414 Siciliensi
1196 3351 1324 3430 accepta
1346 3365 1458 3409 rursus

267 3461 300 3522 in
331 3458 448 3522 bellum
475 3459 695 3524 incubuerunt
722 3480 861 3544 cumque
889 3463 1059 3544 praecipue
1089 3464 1123 3524 in
1147 3463 1226 3524 Asia
1248 3462 1369 3523 minore
1391 3478 1459 3522 rem

269 3577 379 3635 conha
402 3574 503 3636 socios
526 3571 686 3656 gerebant.
721 3572 851 3637 Vltimis
873 3577 972 3658 igitur
994 3574 1162 3658 Eupolidis
1177 3573 1294 3637 fabulis
1310 3571 1459 3635 imbelles

269 3704 333 3748 non
377 3685 446 3748 sino
487 3685 594 3767 aliqua
634 3687 701 3750 veri
740 3689 846 3770 specie
888 3687 1083 3771 assignabis,
1126 3689 1244 3770 quippo
1287 3686 1342 3768 qui
1377 3685 1461 3746 circa

268 3798 366 3862 finem
390 3801 517 3862 aestatis
540 3801 617 3863 anni
632 3799 694 3862 411
719 3800 786 3881 (cfr.
805 3799 941 3864 Olinton.
959 3801 1028 3864 fast.
1045 3799 1128 3864 Hell.
1144 3799 1199 3882 82)
1222 3801 1241 3861 i.
1260 3818 1285 3862 e.
1308 3795 1355 3860 Ol.
1369 3794 1459 3877 92,2

269 3913 402 3974 ineunte
436 3912 522 3995 apnd
556 3911 751 3992 Cynossema
773 3915 872 3977 vitam
905 3913 1086 3997 perdiderit,
1117 3913 1181 3975 vid.
1207 3912 1280 3975 adn.
1305 3929 1374 3993 pag.
1396 3909 1458 3985 4();

269 4024 402 4108 proinde
436 4025 495 4088 hoc
531 4025 639 4090 drama
673 4030 728 4090 ant
763 4024 809 4089 Ol.
835 4028 888 4108 92,
917 4030 933 4091 1
960 4028 1000 4107 (a.
1029 4026 1106 4106 411)
1141 4027 1211 4109 ipso
1253 4023 1350 4087 simul
1384 4041 1461 4084 cum

373 4200 401 4273 *λ
431 4201 572 4258 Hanovius
601 4221 688 4260 exere.
716 4205 775 4260 orit.
804 4210 836 4264 81
867 4207 949 4262 Thnc.
977 4205 1012 4274 H,
1040 4212 1073 4264 97
1104 4205 1198 4259 collato
1225 4201 1383 4277 Σπάρτωλον
1414 4217 1461 4269 pro

271 4286 413 4344 llaaroldr
440 4289 512 4345 iusto
536 4292 664 4346 audacius
689 4293 828 4347 emendare
853 4293 953 4360 voluit,
979 4307 1058 4360 qoem
1082 4290 1247 4345 Meinohium
1270 4289 1306 4357 Π,
1332 4306 1389 4357 pag.
1408 4293 1462 4346 436

270 4375 398 4430 laudibus
416 4377 548 4433 extulisse
566 4379 654 4434 miror.
691 4379 763 4434 Talia
781 4381 829 4435 vix
848 4380 991 4448 quisquam
1009 4396 1080 4434 nuno
1098 4395 1151 4432 non
1169 4377 1260 4433 inania
1276 4375 1391 4431 habebit.
