3338 4954
682 295 896 359 ..23η-

196 486 292 567 Pagis
316 501 384 548 esse
407 483 545 569 ognovit.
592 483 706 566 Itaque
730 501 804 548 cum
820 481 913 546 Nicia
934 479 1075 565 absente,
1100 487 1155 568 qui
1179 486 1391 569 expeditionis

122 621 126 629 ·
196 595 371 660 Siciliensis
402 596 470 657 dun
499 600 622 658 creatus
654 595 700 659 Ol.
726 595 820 677 91,1
856 597 895 674 (a.
920 595 997 676 415)
1029 596 1172 660 Athenas
1202 590 1333 680 reliquit'
1361 605 1392 661 et

196 712 303 791 postea
327 707 374 771 Ol.
400 707 453 788 91,
475 707 497 768 4
527 727 637 771 mense
665 707 897 771 Boddromione
927 709 992 788 (cfr.
1018 707 1115 771 Thuo.
1140 709 1216 789 VII,
1240 711 1293 790 86)
1326 712 1391 774 vita

199 820 370 883 defunctus
393 825 450 900 est,
482 820 541 882 hcc
565 820 673 882 drama
696 821 829 903 produci
851 839 916 882 uon
940 821 1088 904 potuerit,
1112 820 1214 905 Pagos
1245 828 1318 886 ante
1342 815 1389 886 Ol.

195 933 248 1012 91,
274 934 289 996 1
321 936 423 994 actam
454 951 523 994 esse
552 931 655 995 elucet
685 932 749 995 vid.
773 931 812 994 K.
838 931 863 1013 Ι,
885 933 966 1009 279;
1001 953 1098 1015 quam
1123 933 1388 998 Wilamowitzius

198 1044 437 1108 annis419-ti
453 1047 627 1108 rectissime
647 1046 832 1126 assignavit,
857 1043 1019 1108 Gilbertus
1042 1065 1127 1107 anno
1142 1046 1206 1110 419
1230 1047 1291 1129 ipsi
1316 1047 1390 1111 dare

196 1156 301 1219 voluit
322 1155 470 1238 Beitriige
494 1162 550 1219 etc.
581 1177 651 1240 pag.
676 1143 740 1220 222
765 1176 830 1239 seq.
877 1155 938 1219 Sed
963 1156 1130 1220 videamus
1162 1158 1240 1240 quid
1262 1160 1296 1221 in
1320 1161 1390 1222 eius

197 1270 412 1332 coniecturam
437 1269 671 1332 decernendum
696 1271 745 1332 sit.
799 1273 908 1352 Atque
939 1269 1078 1352 primum
1103 1271 1231 1352 quidem
1262 1271 1313 1334 hic
1343 1273 1392 1333 vir

196 1381 308 1444 doctus
340 1382 479 1444 maxime
508 1401 526 1443 a
557 1401 631 1445 vero
663 1379 834 1463 aberravit,
866 1401 940 1444 cum
965 1380 1165 1445 Alcibiadem
1196 1381 1245 1445 bis
1276 1383 1390 1446 ducem

196 1499 339 1556 creatum
364 1513 432 1557 esse
456 1495 550 1556 annis
572 1491 694 1578 420119
719 1492 894 1578 striche
918 1513 935 1557 e
957 1493 1099 1574 Thucyd.
1113 1493 1152 1575 V,
1167 1493 1295 1558 52-55
1318 1515 1388 1579 pag.

194 1606 259 1669 222
283 1610 314 1668 et
336 1605 399 1672 227
421 1625 530 1669 eruere
555 1605 615 1668 sibi
638 1608 729 1669 visus
752 1612 808 1670 est.
854 1605 937 1669 Nam
959 1606 1023 1668 illis
1046 1607 1078 1667 in
1104 1605 1261 1688 capitibus
1285 1616 1390 1690 aperte

194 1738 244 1782 res
268 1723 496 1782 enumerantur
520 1738 585 1781 una
608 1724 708 1782 aetate
730 1724 854 1801 gestae:
879 1719 942 1781 vid.
968 1739 1035 1802 cap.
1060 1720 1102 1782 52
1126 1719 1144 1799 ξ
1166 1719 1181 1781 1
1208 1725 1259 1783 τοῦ
1282 1717 1309 1782 δ’
1330 1722 1391 1784 ἐτι-

195 1829 361 1915 γιγνομένου
379 1829 490 1915 9έρους,
514 1831 563 1910 §2
588 1836 638 1894 τοῦ
655 1828 744 1894 αὐτοῦ
767 1830 882 1917 9ἐρους;
907 1851 974 1914 cup.
988 1831 1031 1896 53
1046 1835 1097 1894 τοῦ
1113 1829 1140 1893 δ’
1157 1829 1248 1896 αὐτοῦ
1271 1831 1390 1918 θέρους;

196 1963 263 2026 cap.
286 1943 329 2007 54
360 1941 583 2027 ἐξεστράτευσαν
612 1941 645 2006 δὲ
676 1941 724 2005 καὶ
756 1942 783 2006 οἱ
814 1941 1040 2027 Λακεδαιμόνιοι
1073 1943 1149 2006 κατὰ
1184 1943 1250 2016 τούς
1285 1942 1390 2016 abactis

195 2054 332 2142 χρόνους,
363 2075 430 2139 cap.
455 2055 497 2119 55
522 2057 540 2136 ἕ
565 2058 579 2119 l
607 2053 655 2118 καὶ
679 2053 751 2118 καθ’
778 2050 809 2118 ὃν
839 2054 952 2141 χρόνον,
979 2057 1003 2136 ’ξ
1025 2056 1046 2118 4
1069 2052 1118 2118 καὶ
1140 2055 1173 2118 τὸ
1205 2055 1289 2142 θέρος
1313 2052 1389 2120 οὕτω

195 2170 331 2253 διῆλθεν,
356 2169 409 2231 cfr.
427 2189 493 2251 cap.
509 2168 551 2232 56
571 2173 622 2231 τοῦ
645 2165 672 2229 h'
692 2167 907 2252 ἐπιγιγνομένου
930 2172 1080 2253 χειμῶνος.
1124 2167 1238 2252 Itaque
1261 2169 1299 2232 de
1324 2190 1389 2233 uno

198 2283 373 2364 eodemque
397 2281 573 2345 Alcibiadis
595 2283 727 2364 imperio
751 2282 843 2363 capit.
860 2281 903 2346 52
927 2286 958 2344 et
979 2281 1022 2345 55
1045 2299 1147 2344 sermo
1170 2287 1225 2345 est.
1266 2280 1390 2346 Deinde

195 2511 268 2591 283,
292 2509 385 2589 rom:

404 2616 464 2684 Καὶ
488 2617 603 2703 μηκέτ’,
628 2613 701 2691 ὦναξ
726 2617 875 2701 Μιλτιάδη
899 2614 948 2681 καὶ
973 2616 1136 2705 Περίκλεες,

403 2729 506 2795 ἐάσατ’
533 2725 634 2819 ἄρχειν
659 2729 795 2815 μειράκια
818 2728 981 2815 κινούμενα,

402 2847 431 2910 ἐν
454 2845 511 2916 τοῖς
535 2844 652 2930 σφυροῖς
676 2843 796 2906 ἕλκοντα
819 2843 870 2927 τὴν
895 2843 1066 2929 στρατηγίαν
1091 2884 1131 2892 -

197 2960 486 3045 interpretationem
516 2960 618 3021 iustas
641 2959 675 3019 in
698 2957 960 3040 reprehensiones
983 2959 1128 3040 incurrit,
1161 2958 1247 3041 quod
1271 2963 1388 3022 vertat:

198 3074 325 3158 „Konig
348 3069 508 3134 Miltiades
531 3071 599 3133 und
621 3070 773 3151 Perilles,
802 3074 949 3152 gestattet
972 3071 1069 3152 nicht,
1101 3070 1173 3133 dass
1197 3069 1389 3152 bewegliche

196 3186 373 3270 Jiinglinge
396 3183 584 3248 vermittelst
607 3183 662 3246 der
681 3182 907 3265 Schnelligkeit
929 3184 1013 3247 ihrer
1028 3183 1144 3246 Fersen
1170 3183 1220 3245 die
1236 3181 1390 3264 Strategie

196 3297 444 3381 daventragen“,
468 3297 497 3358 ἐν
521 3295 578 3365 τοῖς
602 3295 718 3379 σφυροῖς
742 3299 773 3357 et
795 3294 916 3358 ἕλκοντα
940 3295 1109 3360 verborum
1134 3296 1165 3356 vi
1194 3298 1299 3377 aperte
1322 3312 1387 3355 nou

196 3413 365 3477 intellecta.
411 3411 563 3472 Attamen
589 3409 636 3471 vir
660 3407 772 3470 doctus
796 3428 813 3470 a
836 3407 995 3471 Meinekio
1028 3409 1105 3490 quid
1135 3406 1196 3470 sibi
1227 3406 1327 3470 velint
1359 3407 1388 3468 ἐν

196 3526 253 3598 τοῖς
283 3525 400 3610 σφυροῖς
428 3527 486 3586 etc.
512 3521 565 3584 illa
598 3521 702 3584 doceri
731 3517 862 3603 poterat,
894 3523 949 3603 qui
981 3526 1131 3602 quattuor
1154 3519 1298 3602 exempla
1320 3519 1389 3582 lau-

197 3640 284 3703 davit
305 3637 479 3720 aptissima,
502 3654 605 3697 unum
630 3633 883 3714 aVallrenaeric,
906 3634 1030 3715 reliqua
1053 3653 1071 3694 a
1095 3651 1128 3695 se
1151 3633 1221 3715 ipso
1245 3633 1388 3712 inventa,

199 3774 216 3816 e
252 3751 370 3834 quibus
405 3749 434 3810 ἐν
463 3750 521 3818 τοῖς
551 3749 667 3832 σφυροῖς
702 3747 850 3829 phraseos
885 3745 1075 3829 significatio
1109 3745 1214 3808 statim
1250 3752 1387 3828 apparet.

198 3864 349 3929 Similiter
383 3862 503 3926 dictum
539 3860 615 3923 mihi
650 3859 789 3922 videtur:
824 3856 918 3922 καίτοι
952 3859 1067 3942 φορεῖτε
1101 3861 1231 3940 γλῶσσαν
1260 3858 1289 3920 ἐν
1321 3854 1389 3918 ὑπο-

183 3976 321 4062 ’δημασιν
345 3996 394 4057 ap.
419 3973 541 4037 Platon.
565 3971 641 4035 love
665 3972 746 4034 male
768 3971 875 4034 habito
898 3970 940 4033 M.
957 3971 1002 4051 ΙΙ,
1025 3971 1088 4036 632
1110 3971 1184 4033 fui
1208 3969 1259 4050 (K.
1276 3969 1302 4050 Ι,
1326 3969 1389 4033 614

196 4093 231 4156 fr.
255 4091 319 4171 51),
351 4107 545 4173 quamquam
575 4085 672 4150 verba
705 4087 774 4168 ipsa
808 4104 865 4167 ego
896 4084 1027 4167 quidem
1062 4089 1189 4167 propter
1220 4081 1388 4146 verborum

197 4222 358 4267 conexum
382 4203 596 4282 interruptum
625 4199 824 4282 interpretari
857 4215 991 4279 nequeo.
1049 4196 1111 4260 Sed
1145 4202 1320 4277 utcumque
1355 4213 1389 4257 se

196 4317 292 4382 habet
314 4335 375 4398 ree,
402 4314 571 4397 fragmenti
601 4312 687 4376 illius
718 4311 846 4374 alteram
874 4314 996 4393 partem
1024 4329 1112 4372 nune
1134 4305 1389 4389 interpretaberis

198 4432 236 4495 de
266 4427 521 4494 adolescentibus
552 4425 756 4509 quibusdam,
788 4424 844 4506 qui
874 4423 908 4485 in
939 4422 1010 4486 talis
1040 4422 1220 4504 strategiam
1252 4419 1388 4483 trahant.
