3338 4954
706 247 921 312 ..epm

214 442 361 504 invectus
385 442 434 520 sit,
461 443 525 504 iam
549 441 620 505 luce
643 441 761 504 clarius
783 439 829 520 fit,
852 442 878 504 si
903 440 943 503 ad
967 439 1136 523 Eupolidis
1159 438 1277 524 Baptae
1300 445 1410 508 oculos

214 553 420 636 advertimus,
454 553 510 618 ubi
544 553 654 637 fragm.
685 555 721 618 16
753 551 795 616 111.
819 551 863 634 ΙΙ,
886 552 950 617 453
983 551 1034 634 (K.
1059 552 1082 634 Ι,
1105 552 1169 617 276
1201 552 1236 615 fr.
1262 555 1316 636 78)
1352 557 1410 620 1111

214 666 348 749 legitur:

681 776 831 850 κάκείνους
854 776 920 850 τούς
939 775 1060 849 Ἱππέας

425 891 589 975 συνεπόηοα
612 898 654 978 τῷ
672 896 817 978 φαλακρῷ
840 888 935 976 τούτῳ
959 887 1186 978 κάδωρησάμην.

316 1004 406 1068 Haec
448 1007 611 1087 omisisse,
649 1006 728 1068 haec
767 1024 898 1089 passum
942 1022 1011 1067 esse
1046 1004 1294 1088 Aristophanem
1338 1009 1411 1090 quis

215 1119 340 1184 credere
363 1119 488 1202 possit?
534 1120 633 1182 Immo
658 1137 731 1182 vero
750 1117 913 1201 respondit
933 1123 963 1180 et
980 1114 1062 1179 bene
1081 1116 1229 1200 salseque
1248 1120 1412 1202 respondit

215 1231 383 1316 opprobria
407 1231 605 1316 amplificans
619 1232 659 1313 *),
691 1251 764 1294 oum
787 1229 980 1313 Eupolidem
1004 1249 1045 1292 ex
1069 1248 1135 1292 una
1156 1228 1265 1294 fabula
1288 1231 1412 1296 Aristo·

215 1345 337 1428 phanea
360 1350 424 1410 tres
448 1365 522 1407 siras
545 1343 657 1408 fecisse
681 1349 777 1427 atque
802 1344 968 1406 consuisse
992 1344 1118 1408 ciuibus
1147 1342 1325 1408 affirmavit.
1371 1344 1412 1408 Et

218 1459 322 1520 iocose
357 1458 487 1540 quidem
523 1458 633 1521 eodem
668 1462 766 1520 metro
797 1456 927 1519 videtur
956 1475 1036 1518 usus
1066 1475 1135 1520 esse
1170 1477 1234 1540 quo
1264 1457 1407 1541 Eupolis.

215 1568 328 1652 Itaque
352 1572 525 1654 Anagyrus
556 1590 630 1634 curn
660 1569 749 1636 nullo
779 1568 874 1631 modo
906 1566 953 1631 01.
978 1569 1073 1650 012
1104 1574 1173 1633 acta
1203 1587 1272 1633 esse
1300 1571 1410 1652 possit,

217 1683 272 1764 qui
296 1703 401 1747 annus
431 1685 494 1746 iam
526 1683 652 1747 duabus
683 1681 855 1746 comoediis
878 1681 1120 1766 Aristophaneis
1144 1687 1228 1747 certe
1251 1683 1292 1745 sit
1315 1701 1411 1746 occu-

215 1801 309 1877 patus
332 1796 526 1879 Amphiarao
556 1797 676 1860 scilicet
704 1801 735 1859 et
757 1793 884 1858 Avibus
907 1794 959 1858 cfr.
984 1795 1106 1858 Avium
1129 1795 1259 1879 hypoth.
1284 1795 1304 1858 2
1328 1800 1358 1858 et
1385 1797 1411 1877 1,

216 1927 331 1991 magua
360 1929 434 1973 cum
462 1909 683 1993 probabilitate
707 1906 754 1970 Ol.
779 1907 832 1987 91,
858 1908 887 1988 1,
921 1906 1089 1989 Eupolidis
1112 1905 1233 1991 Baptae
1263 1925 1337 1971 vero
1362 1905 1409 1970 Ol.

116 2029 119 2033 '
215 2019 268 2101 00,
301 2021 322 2083 4
365 2021 535 2085 dabuntur.
592 2020 726 2084 Accedit
761 2019 984 2083 adiumentum
1018 2019 1104 2082 haud
1139 2019 1412 2084 contemnendum

216 2133 362 2215 Anagyri
395 2134 502 2217 fragm.
529 2135 566 2197 11
600 2133 642 2196 Μ.
666 2132 798 2215 11962
828 2131 878 2212 (K.
903 2131 927 2214 Ι,
949 2132 1014 2195 405
1042 2133 1080 2195 11.
1104 2131 1172 2214 53),
1207 2133 1264 2196 ubi
1292 2133 1413 2198 Perdix

217 2251 480 2310 commemoratur
514 2266 675 2330 nusquam
705 2250 833 2328 carptus
862 2246 925 2308 nisi
957 2246 992 2307 in
1015 2246 1174 2329 Aristoph.
1200 2245 1337 2309 Avibus.
1371 2283 1412 2292 -—-

217 2354 308 2431 Quod
339 2359 378 2422 ad
403 2361 547 2443 Anagyri
577 2359 758 2424 comoediae
781 2362 1005 2441 argumentum
1029 2359 1151 2440 attinet,
1179 2355 1337 2442 Bergkius
1361 2379 1410 2443 ap.

215 2470 257 2534 M.
281 2471 325 2553 ΙΙ,
348 2471 499 2537 059-60
533 2471 752 2555 fragmento?
786 2471 835 2553 (K.
860 2471 886 2553 Ι,
909 2472 974 2536 404
997 2471 1032 2534 11.
1057 2474 1110 2553 51)
1141 2491 1216 2536 cum
1246 2471 1428 2556 Euripidis

215 2584 383 2670 Hippolyti
417 2605 513 2650 versu
547 2586 610 2651 219
645 2592 843 2669 comparata,
882 2604 964 2669 quae
1000 2603 1017 2648 e
1051 2585 1119 2648 cod.
1151 2584 1244 2650 Ooisl.
1275 2587 1413 2669 sumpsit

215 2697 248 2760 II
271 2718 342 2781 pag.
364 2698 428 2764 960
452 2700 517 2779 (cfr.
536 2699 635 2762 Koclr.
652 2699 669 2761 I
691 2719 762 2782 pag.
779 2699 855 2778 402,
878 2697 989 2762 Η11111.
1007 2698 1139 2762 Hieron.
1156 2697 1257 2762 Rhod.
1274 2698 1410 2782 Peripat.

215 2812 325 2894 fragm.
353 2811 435 2874 1879
460 2833 529 2896 pag.
556 2813 609 2892 11)
644 2829 791 2895 quaeque
821 2810 937 2875 Suidas
971 2809 1067 2874 habet
1097 2831 1121 2874 1.
1146 2831 1175 2876 v.
1197 2807 1410 2897 Ἀναγυράσιος,

216 2924 315 3005 affert,
340 2930 376 2987 ut
400 2924 562 3006 quandam
579 2923 822 2987 similitudinem
840 2925 923 2988 inter
938 2925 1131 3006 Anagyrum
1147 2923 1412 3006 Aristophaneaur

218 3043 248 3100 ot
282 3037 369 3099 illam
405 3037 443 3099 de
472 3037 591 3100 Theseo
622 3037 831 3119 Phaedraque
860 3036 1002 3100 fabulam
1031 3037 1249 3100 intercessisse
1283 3036 1413 3100 demon·

218 3154 303 3213 stret.
350 3148 412 3212 His
436 3141 586 3212 omnibus
609 3169 668 3213 suo
692 3169 779 3214 more
808 3153 853 3213 ita
876 3150 998 3214 abusus
1021 3154 1069 3212 est
1091 3147 1236 3212 Muhlius
1264 3168 1336 3233 pag.
1359 3148 1413 3230 48,

218 3267 253 3325 ut
277 3263 522 3345 Aristophanem
547 3263 687 3326 dramate
710 3283 768 3327 suo
793 3267 889 3327 totam
913 3261 1125 3346 Hippolytum
1149 3261 1355 3345 Euripideum
1378 3262 1410 3323 in

216 3375 391 3440 ridiculum
422 3374 590 3439 deflexisse
620 3377 724 3460 planis
755 3376 861 3440 verbis
893 3375 992 3460 (quod
1015 3373 1175 3459 Berglrius
1204 3373 1303 3458 probe
1333 3375 1413 3437 vita-

218 3490 318 3568 verat)
353 3488 523 3553 contendat
546 3489 802 3573 Auagyrumque
826 3488 874 3553 Ol.
899 3489 940 3556 89
965 3486 1207 3552 adscribendam
1238 3506 1307 3550 esse
1330 3486 1414 3550 affir-

216 3620 302 3664 mare
341 3607 482 3665 conetur.
545 3602 607 3666 Sed
646 3609 780 3687 uterque
818 3603 936 3667 Suidae
974 3600 1070 3665 verba
1114 3599 1257 3684 neglexit
1300 3601 1412 3665 haece:

216 3751 259 3758 —
275 3712 383 3799 ἱστορεῖ
403 3713 435 3777 δὲ
455 3712 626 3800 Ἱερώνυμος
649 3718 679 3780 ἐν
703 3722 744 3802 τῷ
762 3713 828 3801 περὶ
850 3716 1093 3802 τραγῳδιοποιῶν,
1117 3709 1285 3786 ἀπεικάζων
1302 3711 1413 3785 τούτοις

216 3826 265 3889 τὸν
289 3824 447 3911 Εὐριπίδου
471 3826 603 3905 Φοίνικα,
639 3849 655 3894 1
687 3829 806 3912 quibus
836 3828 1073 3910 Hieronymum
1095 3825 1258 3890 Rhodium
1288 3832 1413 3890 tantum

215 3939 409 4024 Euripideae
423 3939 594 4005 Phoenicis
616 3942 735 4005 fontem
759 3943 879 4024 aperire
902 3941 1044 4004 voluisse
1067 3945 1212 4024 apparet3
1238 3940 1412 4023 quodiam

217 4051 418 4134 Welckerus,
443 4055 500 4136 qui
522 4055 556 4117 in
580 4054 652 4117 libri
676 4054 715 4118 de
737 4055 906 4139 tragoediis
929 4053 1051 4136 graecis
1066 4053 1127 4115 vol.
1145 4052 1178 4115 ΙΙ
1199 4072 1269 4136 pag.
1288 4051 1352 4118 804
1376 4052 1414 4115 de

323 4232 348 4300 *1
374 4232 533 4300 Eupolidem
556 4231 700 4301 Baptaruni
725 4249 834 4286 vrersum
861 4235 951 4287 contra
975 4232 1163 4300 Aristophanis
1181 4232 1300 4300 Anagyri
1323 4231 1413 4286 locum

215 4318 293 4372 illum
324 4319 480 4387 scripsisse,
515 4336 592 4373 uerno
623 4321 765 4374 contendet
795 4320 843 4388 qui
873 4320 926 4373 duo
956 4319 1101 4386 fragmenta
1131 4319 1202 4372 inter
1231 4333 1260 4370 se
1291 4317 1413 4371 accurate

216 4406 416 4473 comparaverit.
