3338 4954
733 245 948 310 -30.„

245 435 395 498 hocloco
419 437 653 498 commentatus
677 439 734 515 est,
757 438 788 497 et
810 432 976 496 Nauchius
1000 431 1110 516 Eurip.
1128 437 1205 516 trag.
1223 433 1270 496 ΙΙΙ
1286 455 1356 518 pag.
1374 437 1440 500 224

246 549 422 612 rectissime
438 550 665 630 cognoverunt.
696 543 778 608 Nam
790 545 960 608 Phoenicis
976 545 1063 608 illius
1078 544 1185 608 fabula
1202 567 1249 630 ap.
1262 547 1439 610 Homerum

246 660 336 723 Iliad.
368 659 393 736 l,
434 678 485 720 vv.
520 657 694 722 447-484
724 657 818 741 longe
853 657 942 721 aliter
975 659 1088 721 tradita
1122 664 1241 741 exstat,
1282 661 1440 742 imprimis

248 793 322 836 curn
343 772 408 834 illic
430 770 577 833 Phoenix
607 772 717 834 matris
746 770 894 855 precibus
918 775 1095 834 commotus
1117 773 1216 855 patris
1240 771 1440 836 concubinae

246 887 312 948 vim
335 884 443 948 afferat
466 888 496 946 et
518 883 670 966 genitoris
693 885 772 946 iram
795 884 854 946 hoc
872 883 1011 947 facinore
1028 885 1146 962 excitet
1161 882 1228 966 (cfr.
1241 884 1438 968 lla-456).

247 997 364 1060 Contra
394 995 565 1080 Euripides
598 996 787 1060 inscientem
822 997 914 1058 illum
944 996 1090 1090 nullique
1121 997 1233 1080 culpae
1262 996 1439 1060 obnoxium

226 1095 477 1190 introduxerat,
509 1109 563 1173 cfr.
588 1108 682 1170 schol.
708 1107 743 1174 Il.
767 1107 787 1185 l,
810 1109 892 1173 447:
927 1105 976 1171 ani
1001 1106 1159 1193 Εὐριπίδης
1183 1107 1214 1171 δὲ
1238 1107 1441 1196 ἀναμάρτητον

246 1222 371 1304 (Eusth.
403 1215 571 1304 ἄπταιστον)
605 1218 716 1304 εἰσάγει
750 1222 798 1283 τὸν
833 1216 918 1306 ἥρωα
954 1223 983 1284 ἐν
1017 1227 1058 1306 τῷ
1089 1219 1218 1296 Φοίνικι,
1254 1222 1317 1285 vid.
1343 1225 1439 1286 etiam

247 1335 427 1418 Apollodor.
450 1332 511 1414 III,
544 1333 595 1413 13,
618 1333 647 1396 8.
695 1333 840 1397 Ceterum
865 1332 1030 1397 ambarum
1053 1334 1234 1397 fabularum
1256 1336 1276 1396 i.
1302 1354 1328 1398 e.
1351 1337 1438 1398 Ana-

245 1449 365 1532 gyrasii
389 1452 419 1511 et
440 1446 612 1509 Phoenicis
635 1446 861 1509 similitudines
892 1447 974 1509 ultra
997 1447 1128 1529 paelicis
1151 1447 1308 1529 malignas
1332 1449 1439 1510 crimi-

246 1562 391 1624 nationes
425 1564 455 1622 et
486 1558 544 1621 filii
579 1554 743 1642 ἐκπήρωσιν
776 1559 949 1641 procedere.
978 1579 1042 1622 non
1077 1561 1219 1642 potuisse
1248 1558 1437 1623 Welcherus

246 1693 316 1756 pag.
350 1672 414 1736 804
452 1676 523 1754 apte
560 1675 683 1748 monet;
723 1672 786 1733 nisi
823 1671 902 1734 forte
939 1672 1110 1754 repudium
1149 1672 1309 1755 legitimae
1343 1675 1440 1736 uxori

245 1785 464 1848 renuntiatum
489 1784 604 1848 addere
627 1783 691 1846 vis:
715 1782 830 1866 Berglr.
855 1803 904 1867 ap.
929 1783 971 1846 Μ.
995 1782 1039 1866 II,
1062 1784 1126 1848 960
1150 1790 1224 1846 etc:
1254 1790 1364 1870 πρῶτον
1388 1784 1440 1870 μὲν

246 1897 301 1983 γὰρ
332 1894 465 1982 ἀπέβαλε
495 1896 566 1976 (hoc
595 1899 679 1958 recte
708 1895 890 1959 emendavit
912 1895 1104 1960 Leutschius
1132 1917 1188 1979 pro
1218 1894 1359 1982 ἀπέλαβε)
1388 1899 1440 1983 τὴν

246 2010 382 2094 γυναῖκα,
418 2009 446 2081 ἐξ
476 2003 511 2090 ἧς
542 2005 621 2093 αὐτῷ
647 2007 714 2079 ταῖς
745 2007 873 2093 ἐγεγόνει
903 2009 954 2072 cfr.
979 2009 1072 2071 Hom.
1099 2008 1120 2072 l.
1143 2008 1223 2072 450:
1264 2007 1441 2094 ἀτιμάζεσκε

246 2120 274 2185 δ’
293 2115 409 2186 ἄκοιτιν.
455 2121 518 2185 Sed
541 2120 602 2184 alia
625 2123 769 2204 quaestio
786 2123 895 2203 oritur,
918 2141 997 2184 num
1014 2121 1184 2185 Phoenicis
1201 2129 1438 2206 argumentum,

248 2236 343 2319 qualo
357 2234 529 2318 Euripides
552 2235 778 2316 composuerit,
801 2234 909 2316 aliquo
932 2235 1025 2298 modo
1041 2234 1210 2318 Hippolyti
1234 2253 1307 2297 cum
1331 2234 1440 2298 fabula

248 2348 420 2410 cohaereat.
465 2346 534 2430 Ego
570 2346 701 2429 quidem
734 2349 859 2427 poetam
889 2347 1045 2429 tragicum
1079 2348 1269 2430 Anagyrasii
1299 2346 1440 2411 fabulam

246 2461 332 2523 illam
369 2460 495 2522 atticam
529 2460 563 2520 in
598 2458 781 2521 memoriam
817 2457 878 2520 sibi
910 2479 1076 2524 revocasse
1110 2466 1141 2523 et
1175 2459 1214 2522 ad
1246 2457 1440 2523 Phoenicem

247 2571 506 2636 conformandam
535 2591 576 2635 ex
604 2571 762 2635 industria
791 2570 984 2653 adhibuisse,
1019 2591 1093 2635 cum
1123 2572 1320 2652 Hieronymo
1352 2592 1441 2654 prae-

248 2687 342 2769 cipue
379 2688 506 2767 propter
547 2681 709 2768 ἐκπήρωαιν
752 2683 839 2746 illam
884 2703 1013 2761 cense03
1059 2685 1273 2769 Hippolytum
1311 2701 1385 2748 vero
1424 2705 1441 2749 e

246 2796 416 2860 Troezenia
440 2796 577 2879 quadarn
599 2795 707 2859 fabula
730 2801 836 2860 natam
860 2816 928 2860 esse
952 2801 1082 2860 constat.
1123 2796 1268 2860 Ceterum
1285 2798 1436 2861 iuvenem

249 2909 410 2993 quendam
439 2910 590 2973 virtutem
619 2930 710 2973 suam
743 2909 896 2973 adversus
926 2910 1070 2972 mulieris
1106 2908 1243 2970 alicuius
1276 2909 1441 2974 illecebras

248 3021 426 3085 defendisse
457 3021 534 3086 alibi
565 3041 694 3106 quoque
726 3022 911 3084 invenimus
940 3021 993 3083 cfr.
1018 3021 1270 3103 Bellerophontis
1299 3021 1441 3086 fabulam

247 3155 297 3218 ap.
314 3134 409 3198 Hom.
427 3132 460 3212 Z,
476 3134 534 3215 VI,
559 3135 740 3216 roa—193,
765 3154 862 3216 quam
884 3133 1055 3216 Euripides
1079 3132 1277 3197 Stheneboea
1301 3134 1441 3199 dramate

247 3249 402 3329 tractavit,
430 3247 494 3309 vid.
519 3245 674 3310 Weleher.
699 3248 719 3309 l.
744 3247 762 3308 l.
792 3247 951 3328 777-85,
975 3244 1166 3308 Kalhmann.
1194 3245 1232 3309 de
1255 3245 1441 3330 Hippolytis

249 3359 432 3443 Euripideis
464 3363 583 3443 quaest.
609 3379 681 3421 noy.
707 3358 839 3422 Bonnae
868 3358 951 3423 1882
982 3378 1052 3440 pag.
1078 3359 1150 3421 104.
1186 3393 1226 3402 —
1260 3357 1440 3422 Redeamus

248 3491 336 3535 nunc
375 3472 414 3536 ad
448 3471 672 3555 Aristophanis
706 3473 905 3552 Anagyrum.
957 3469 1077 3553 Berglii
1110 3469 1213 3533 Muhli
1251 3473 1439 3534 sententiam

248 3585 336 3646 omni
366 3584 572 3648 fundamento
604 3603 709 3648 carere
740 3584 897 3660 vidimus;
932 3602 992 3646 nec
1016 3584 1043 3645 si
1067 3584 1140 3665 quis
1164 3582 1280 3646 dixerit
1309 3583 1375 3665 (eir.
1400 3583 1438 3646 Κ.

246 3696 273 3778 I,
295 3696 373 3780 402)
403 3697 443 3760 ad
473 3696 639 3780 Euripidis
668 3696 862 3761 Phoenicem
886 3698 1076 3779 Anagyrum
1105 3700 1256 3778 spectare,
1289 3697 1381 3759 facile
1411 3699 1440 3760 ei

248 3809 423 3872 credemus.
468 3808 551 3872 Nam
589 3828 606 3873 e
638 3809 823 3892 fragmentis
857 3808 937 3871 nihil
971 3807 1117 3891 colligere
1150 3827 1340 3890 possumus,
1375 3810 1439 3871 nisi

247 3921 326 3984 forte
362 3920 488 3984 fabulae
526 3921 650 3984 exordii
691 3922 932 3984 similitudinem
978 3939 1053 3983 cum
1090 3919 1242 3983 Nubibus
1287 3921 1437 4002 aliquam.

248 4033 398 4096 Attamen
421 4051 491 4096 mea
515 4035 670 4097 sententia
693 4053 758 4097 non
782 4033 1014 4112 solumtitu10,
1049 4032 1103 4096 sed
1133 4037 1320 4116 argumento
1344 4035 1440 4096 etiam

249 4145 428 4208 comoediae
461 4144 548 4208 illius
571 4145 821 4228 Aristophaneae
850 4151 882 4209 et
912 4143 1077 4229 Diphileae
1113 4146 1197 4226 (nam
1228 4145 1279 4207 hic
1311 4164 1440 4227 quoque

248 4258 439 4340 Anagyrum
461 4258 639 4340 composuit
661 4257 715 4319 cfr.
732 4257 775 4320 M.
792 4258 822 4319 h.
839 4277 881 4319 cr.
898 4258 962 4322 452
983 4266 1014 4321 et
1028 4257 1086 4338 IV,
1102 4258 1176 4336 379)
1200 4259 1259 4341 lux
1285 4257 1441 4340 quaedam

248 4369 402 4450 afferetur,
433 4370 459 4431 si
484 4367 704 4450 Phrynichum
728 4368 906 4452 Ephialtem
933 4373 1042 4452 (quern
1066 4367 1107 4433 M.
1130 4368 1156 4450 I,
1182 4369 1244 4431 154
1266 4370 1441 4431 rectissime
