3338 4954
723 255 938 317 ...12-

441 437 491 506 κοιί
514 439 671 525 Κωπᾴδων
694 443 790 506 ἐλθεῖν
814 440 960 528 σπυρίδας,

441 550 579 638 καὶπερὶ
604 551 711 626 ταυτας
733 552 811 639 ἡμᾶς
834 551 960 640 ἀθρόους

442 664 626 752 ὀψωνοῦντας
648 665 843 752 τυρβάζεσθαι

442 775 585 864 Μορύχῳ,
608 777 713 863 Τελέᾳ,
738 778 897 863 Γλαυκέτῃ,
921 773 1020 850 ἄλλοις

442 889 557 962 τένθαις
580 892 705 963 πολλοῖς.
729 929 770 938 -

340 1001 421 1066 Cum
456 1004 575 1087 quibus
597 1004 754 1069 'versibus
788 1009 825 1067 ut
858 1004 1019 1087 Aristoph.
1051 1004 1189 1067 Acharn.
1220 1024 1272 1065 νν.
1297 1002 1427 1068 885-7

237 1114 440 1179 conferantur
461 1123 550 1200 peto:

443 1221 610 1313 ὦφιλτοίτνγ
635 1227 668 1292 οὐ
692 1225 741 1292 καί
764 1227 856 1292 πάλαι
879 1226 1046 1312 ποθουμένη
1071 1233 1124 1309 (se.
1146 1227 1252 1315 ἐ’γχελυ
1271 1225 1404 1306 Κωπαίς)

443 1334 533 1424 ἦλθες
555 1340 677 1424 ποθεινὴ
701 1339 752 1425 μὲν
775 1340 960 1426 τρυγῳδικοῖς
982 1341 1088 1426 χοροῖς,

443 1449 514 1537 φίλη
538 1451 571 1515 δὲ
594 1452 729 1540 Μορύχῳ
753 1491 793 1500 —

238 1581 333 1644 quem
361 1566 489 1646 γενναῖον
517 1559 578 1650 βίον
609 1570 660 1649 ζῆν
683 1566 779 1649 Vesp.
804 1566 868 1630 506
899 1565 953 1628 cfr.
983 1565 1079 1628 schol.
1115 1566 1256 1628 comicus
1292 1563 1427 1626 affirmat

237 1673 312 1752 (vid.
337 1675 431 1738 etiam
454 1677 550 1740 schol.
575 1679 713 1741 Acharn.
736 1679 776 1742 61
802 1683 832 1741 et
854 1678 950 1761 Vesp.
977 1677 1080 1754 1142).
1127 1677 1231 1760 Igitur
1253 1675 1427 1756 Morychus

239 1784 407 1850 Glaucetas
437 1787 593 1872 Lcogcras
629 1790 783 1853 heluones
816 1789 963 1872 fuerunt,
999 1792 1055 1872 qni
1086 1791 1188 1853 ventri
1224 1787 1428 1852 oboedientes

238 1897 335 1960 vitam
370 1899 560 1965 desidiosam
594 1905 807 1986 ignavumque
841 1902 953 1986 degere
988 1901 1140 1965 solebant.
1171 1940 1212 1946 -—
1247 1900 1428 1983 Hucusque

238 2010 344 2074 omnia
367 2031 440 2075 cum
463 2012 605 2078 Platonis
627 2015 772 2080 versibus
796 2017 913 2098 optime
936 2019 1128 2098 congruunt.
1175 2013 1236 2077 Sed
1267 2033 1363 2096 quam
1387 2013 1427 2075 ob

239 2141 368 2186 causam
384 2145 489 2189 nunc
508 2127 615 2192 felices
629 2128 728 2192 factos
745 2147 813 2193 esse
829 2147 883 2190 eos
899 2126 987 2191 Plato
1004 2127 1267 2209 pronuntiaverit,
1285 2126 1428 2208 quaestio

239 2233 353 2315 oritur;
383 2257 456 2300 narn
479 2244 526 2302 νῦν
549 2239 604 2324 γὰρ
628 2238 774 2325 εὐδαίμων
799 2239 868 2324 ἔρος
892 2239 988 2302 verba
1011 2240 1095 2301 sicut
1117 2240 1285 2320 sequentia
1307 2236 1336 2301 οἳ
1360 2241 1428 2320 ζῆτε

236 2351 361 2429 τερπνῶς
383 2346 467 2412 οὐδὲν
491 2351 700 2437 ἐνθυμούμενοι
724 2352 763 2415 ad
788 2358 850 2415 tres
877 2371 987 2416 omnes
1010 2351 1106 2414 simul
1137 2355 1278 2433 spectare
1301 2352 1334 2412 in
1358 2369 1429 2432 pre·

238 2459 346 2539 patulo
370 2466 426 2524 est.
471 2462 609 2528 Evolvas
633 2484 750 2548 quaeso
772 2464 1001 2547 Thucydidem,
1026 2464 1082 2547 qui
1106 2462 1232 2546 Olymp.
1250 2464 1336 2544 89,1
1362 2461 1427 2524 fine

239 2569 279 2650 (a.
295 2571 373 2650 423)
397 2568 459 2657 ἅμα
482 2569 531 2659 ἦρι
552 2581 603 2639 τοῦ
626 2576 841 2661 ἐπιγιγνομένου
867 2577 967 2663 θέρους
988 2576 1254 2640 Lacedaemonios
1278 2581 1309 2638 et
1331 2574 1429 2637 Athe-

238 2682 367 2747 nienses
391 2687 488 2750 unius
511 2685 587 2751 anni
611 2690 754 2752 indutias
771 2691 884 2754 fecisse
899 2689 958 2770 IV,
976 2690 1146 2754 117-119
1163 2689 1217 2752 cfr.
1231 2688 1271 2770 V,
1288 2689 1304 2751 1
1323 2685 1427 2750 tradit.

240 2791 411 2860 Sumamus
448 2819 533 2863 anno
561 2801 625 2864 423
655 2801 821 2866 Platonem
856 2802 995 2866 fabulam
1031 2823 1121 2866 suam
1157 2802 1321 2884 scripsisse
1352 2797 1429 2860 Dio·

239 2906 407 2990 nysiisque
430 2912 639 2993 sequentibus
662 2915 696 2975 in
721 2932 868 2978 scaenam
892 2914 1087 2996 exhibuisse,
1117 2920 1186 2977 tum
1216 2913 1428 2996 fragmentum

239 3017 318 3080 illud
348 3021 426 3102 quid
455 3022 514 3085 sibi
539 3025 614 3088 velit
643 3035 673 3089 et
697 3028 857 3109 quomedo
887 3029 927 3091 sit
954 3027 1206 3111 intellegendum
1234 3026 1328 3109 plane
1358 3043 1429 3106 per·

239 3131 382 3213 spicitur,
405 3137 588 3217 praesertim
612 3157 686 3201 cum
709 3139 749 3202 ad
771 3138 864 3202 Pacis
887 3141 1208 3221 Acharnensiumque
1239 3138 1324 3200 locos
1349 3155 1429 3218 quos

240 3261 336 3324 supra
359 3247 514 3330 exscripsi
537 3251 647 3313 oculos
670 3253 879 3336 animumque
898 3253 1050 3317 attendas.
1086 3251 1170 3334 Ergo
1194 3250 1337 3312 indutiae
1358 3247 1430 3311 illae

237 3359 302 3418 tres
334 3357 412 3422 istos
446 3379 566 3443 vappas
599 3362 706 3427 beatos
739 3365 959 3446 reddiderunt,
994 3365 1145 3448 queniam
1180 3362 1428 3425 Atheniensium

136 3465 137 3470 ’
238 3467 343 3531 ferum
373 3473 497 3554 magnis
525 3475 700 3558 multisque
731 3477 823 3540 bonis
853 3477 922 3540 ficis
954 3478 1056 3558 malis,
1085 3474 1252 3538 anseribus
1282 3472 1430 3536 anatibus

240 3579 390 3662 anguillis
418 3583 561 3667 Copaicis
592 3589 662 3652 aliis
692 3589 787 3654 rebus
818 3589 983 3653 confestim
1011 3589 1178 3672 impletum
1209 3591 1265 3650 est.
1294 3623 1335 3630 ——
1367 3583 1429 3647 Sed

241 3693 344 3773 quid?
378 3714 485 3760 nonne
517 3697 564 3764 Ol.
589 3702 684 3784 89,2
716 3701 890 3782 Dionysiae
923 3704 987 3766 iam
1021 3723 1039 3764 a
1073 3701 1215 3764 Platonis
1249 3697 1429 3762 Laconibus

240 3810 411 3888 occupatae
440 3817 517 3873 sunt
540 3811 655 3879 Cobetc
679 3822 818 3896 auctore,
849 3815 906 3897 qui
933 3836 1005 3898 pag.
1029 3815 1070 3878 87
1096 3833 1160 3895 seq.
1186 3811 1428 3875 Wilamowitzio

240 3917 393 3999 probante
409 3922 507 3986 Arist.
524 3923 597 3988 Pac.
614 3947 643 3990 ν.
663 3928 788 3990 7004
810 3929 850 3992 ad
872 3929 954 3992 hane
977 3927 1117 3990 fabulam
1140 3927 1263 3988 irrisam
1286 3925 1430 3988 rettulit?

240 4030 284 4093 At
305 4031 470 4098 Lueblrius
493 4036 559 4100 obs.
584 4041 650 4102 orit.
667 4060 737 4124 pag.
755 4040 797 4104 aa
821 4041 980 4104 auditores
1003 4040 1053 4103 vel
1077 4039 1299 4122 sagacissimos
1321 4039 1430 4100 iocum

241 4145 328 4208 hunc
342 4147 524 4231 intellegere
540 4169 604 4214 non
620 4156 773 4236 potuisse,
797 4174 870 4237 ergo
887 4159 1102 4217 commentum
1121 4151 1203 4214 illud
1226 4153 1429 4234 ingeniosum

242 4259 371 4340 quidem
396 4262 451 4324 sed
474 4263 572 4327 nimis
595 4264 801 4330 artificiosum
823 4266 1032 4330 refellendum
1055 4284 1134 4344 esse,
1156 4266 1333 4328 rectissime
1356 4284 1431 4328 con-

240 4371 350 4435 tendit.
397 4372 456 4437 Cui
479 4379 564 4440 totus
593 4377 716 4442 accedo.
768 4379 882 4462 itaque
913 4382 1056 4444 conicere
1086 4397 1136 4442 me
1167 4395 1248 4459 opus
1276 4396 1341 4440 non
1374 4389 1431 4458 est,
