3338 4954
606 208 954 303 '-3a-

252 433 335 497 Nub.
360 431 424 498 686
451 429 548 514 Vesp.
573 429 616 494 84
644 429 757 513 Eupol.
781 429 873 492 Civit.
898 449 947 512 ap.
971 427 1013 490 M.
1038 426 1080 504 Π,
1103 427 1168 491 514
1190 427 1225 490 fr.
1251 428 1306 498 14:
1344 430 1441 491 Arist.

250 545 330 610 Ran.
344 546 408 610 934
423 544 543 625 Eryxis
558 544 633 625 ianr,
647 541 733 607 fflius
749 543 830 623 eiua,
854 541 1022 606 deridetur.
1071 539 1248 603 Calliam
1264 539 1317 603 Pe
1328 541 1446 605 dotas

252 660 385 722 ineunte
407 656 489 721 bello
509 655 779 738 Peloponnesiaco
803 655 961 738 agendam
984 671 1112 717 curasse
1127 652 1270 716 Koclrius
1293 673 1364 737 pag.
1378 653 1442 717 696

250 776 378 855 propter
399 770 576 854 fragmenta
592 762 633 831 1'4
650 773 681 832 et
697 767 737 832 15
753 767 798 845 (cf
814 766 875 830 ,111
890 766 931 848 ΙΙ,
943 767 1092 832 739-40
1108 765 1145 828 fr.
1162 766 1184 828 4
1199 771 1230 829 ct
1245 766 1277 845 8)
1293 765 1445 844 affirmat;

252 884 307 948 sed
340 883 468 947 Periclis
502 881 758 945 commemoratio
792 881 864 944 talis
898 879 998 944 fuisse
1029 880 1174 961 videtur,
1208 883 1245 941 ut
1272 883 1345 941 ante
1377 881 1447 942 eius

251 1001 385 1060 mortem
420 994 614 1059 comoediam
649 993 736 1057 illam
766 995 800 1055 in
832 1012 980 1058 scaenam
1010 993 1115 1056 datam
1147 1011 1216 1055 9999
1245 1010 1304 1054 999
1334 997 1447 1074 putare

253 1128 333 1191 opus
371 1127 435 1170 non
475 1108 517 1170 sit
553 1105 605 1168 cfr.
641 1104 738 1169 verba
774 1108 844 1190 ipsa
877 1106 1051 1190 δημηγορεῖν
1084 1101 1382 1189 παρεσκεύασεν
1417 1110 1449 1168 et

255 1221 425 1285 Aeschinis
456 1219 625 1302 Aspasiam
661 1218 836 1302 dialogum,
870 1224 937 1282 tum
973 1220 1069 1281 Arist.
1102 1218 1239 1280 Acharn.
1271 1216 1336 1281 530
1370 1237 1448 1300 seq,

257 1332 316 1416 Eq.
339 1332 414 1414 283,
435 1331 521 1395 Nub.
544 1331 619 1412 213,
643 1330 723 1410 859;
748 1331 820 1394 Ρ99.
846 1331 918 1395 606.
975 1331 1088 1414 Neque
1116 1330 1236 1413 Lampo
1266 1329 1450 1393 ludificatus

253 1444 355 1507 Kochi
384 1445 572 1508 sententiam
603 1442 667 1506 ullo
691 1444 785 1507 modo
808 1443 1003 1527 probabilem
1026 1444 1140 1524 reddit,
1176 1444 1232 1525 qui
1255 1462 1319 1506 non
1343 1444 1444 1506 solum

253 1557 339 1640 apud
363 1556 528 1620 Cratinum
551 1553 681 1619 Nemesi
705 1555 800 1618 schol.
818 1558 878 1623 Ar.
898 1555 959 1620 521
986 1562 1016 1620 et
1039 1554 1198 1639 Drapetid.
1225 1554 1328 1636 1111,
1350 1557 1404 1638 43,
1428 1558 1443 1618 1

252 1667 347 1756 (11.1,
362 1671 405 1734 30
426 1669 460 1732 fr.
472 1669 538 1750 57),
561 1668 617 1731 sed
641 1667 735 1730 etiam
759 1667 797 1731 ab
821 1668 935 1753 Eupol.
949 1671 1057 1732 Aurea
1069 1671 1182 1733 Aetate
1199 1667 1296 1750 1111,
1313 1669 1387 1749 545,
1404 1669 1446 1732 23
1505 1706 1508 1713 -

252 1779 303 1859 (Κ.
321 1781 347 1863 I,
361 1781 425 1846 338
448 1781 485 1844 fr.
502 1777 581 1866 297)
605 1784 635 1843 91
658 1800 676 1842 9
697 1779 838 1864 Lysippo
862 1780 996 1844 Bacchis
1019 1783 1168 1864 carpitur.
1213 1781 1365 1844 Attamen
1390 1781 1447 1843 lros

253 1892 294 1956 ob
318 1893 399 1957 duos
422 1895 508 1958 viros
531 1913 556 1960 9.
581 1891 628 1955 Ol.
653 1892 694 1956 89
719 1892 854 1957 Pedetas
878 1899 980 1956 actam
1004 1913 1073 1957 esse
1097 1899 1234 1958 statuere
1256 1912 1446 1977 possumus;

253 2007 307 2068 cui
330 2007 532 2070 coniecturae
555 2010 638 2070 certe
665 2025 732 2069 non
756 2006 941 2070 adversatur
964 2005 1159 2070 Melanthius
1183 2007 1319 2087 derisus,
1351 2023 1446 2088 quem

252 2124 375 2208 praetor
407 2117 566 2182 Leuconis
599 2117 742 2182 Phrater.
776 2123 806 2182 et
837 2119 996 2202 Aristoph.
1027 2117 1099 2181 Pac.
1126 2119 1188 2183 803
1223 2118 1276 2180 cfr.
1303 2118 1385 2181 1008
1418 2129 1449 2180 et

253 2229 340 2294 Aves
364 2229 423 2294 151
449 2229 584 2315 Eupolis
616 2250 744 2314 quoque
767 2230 931 2293 Adulator.
957 2236 987 2294 et
1009 2230 1196 2296 imbellibus
1228 2232 1358 2294 vexavit
1392 2230 1445 2292 cfr.
1556 2295 1560 2301 ,
1616 2218 1617 2224 '

253 2343 350 2406 Arist.
374 2342 447 2408 Pac.
471 2344 566 2407 schol.
592 2343 672 2424 808,
705 2349 863 2426 postremo
894 2343 1077 2426 Archippus
1107 2342 1256 2407 Piscibus
1285 2341 1326 2428 (c.
1350 2339 1446 2427 400);

252 2473 359 2538 neque
393 2454 488 2518 Sacas
522 2453 591 2541 (cfr.
623 2454 738 2519 Oratin.
770 2455 890 2537 Seriph.
919 2454 960 2518 M.
994 2455 1037 2537 Il,
1071 2457 1132 2520 133
1166 2455 1202 2518 fr.
1227 2457 1258 2535 2,
1293 2454 1331 2518 K.
1357 2453 1383 2534 I,
1407 2453 1448 2517 76

253 2567 289 2630 fr.
315 2566 389 2647 208,
423 2568 520 2633 Arist.
549 2568 609 2630 Av.
634 2569 693 2646 31;
728 2567 886 2651 Metagen.
916 2567 1088 2650 Philothyt.
1121 2568 1163 2630 M.
1188 2567 1232 2650 ΙΙ,
1261 2567 1323 2632 758
1357 2567 1394 2628 fr.
1418 2567 1449 2646 2,

252 2679 291 2743 n.
315 2678 340 2760 Ι,
369 2679 431 2744 roa
458 2679 494 2742 9.
521 2678 576 2766 13)
605 2680 657 2744 va
687 2663 820 2744 lassior
850 2679 925 2761 (aa.
956 2680 1072 2744 cratin.
1104 2679 1245 2744 9999.
1270 2678 1311 2740 n.
1337 2678 1378 2756 rr,
1404 2677 1444 2741 99

252 2792 288 2854 fr.
315 2792 331 2854 1
357 2789 395 2853 Κ.
420 2792 446 2865 Ι,
469 2792 511 2855 39
534 2792 570 2854 fr.
596 2793 652 2873 85;
682 2794 779 2856 Arist.
805 2791 900 2876 Vesp.
928 2794 1022 2875 1221,
1045 2794 1158 2878 Eupol.
1184 2793 1314 2855 Adulat.
1338 2789 1380 2854 M.
1405 2790 1449 2870 ΙΙ,

252 2905 317 2968 485
339 2903 376 2966 fr.
402 2903 418 2965 1
444 2924 474 2968 v.
500 2904 551 2986 14,
574 2904 612 2968 K.
638 2906 664 2986 Ι,
687 2904 809 2969 30119.
827 2905 906 2984 159,
930 2906 1120 2990 Theopomp.
1136 2907 1250 2969 Tisam.
1268 2903 1309 2966 M.
1328 2902 1370 2984 ΙΙ,
1386 2903 1449 2966 815

253 3016 288 3079 fr.
316 3017 345 3099 1,
368 3014 407 3078 Κ.
431 3015 456 3098 I,
481 3018 542 3081 749
565 3018 602 3083 fr.
627 3016 693 3104 60).
741 3017 907 3081 Praeterea
937 3025 1114 3082 memoratu
1146 3018 1372 3101 dignissimum
1402 3020 1450 3077 est
1494 3026 1499 3032 “

253 3129 410 3212 1998992
445 3149 494 3213 ap.
520 3128 562 3192 M.
586 3129 631 3213 Il,
654 3131 716 3197 739
746 3129 799 3216 (Κ.
837 3151 860 3194 r.
887 3129 958 3218 12),
992 3151 1009 3195 9
1044 3150 1107 3214 quo
1140 3129 1291 3211 Euripidi
1324 3128 1382 3191 hac
1414 3129 1449 3188 in

253 3241 362 3304 fabula
384 3247 487 3325 partes
512 3243 667 3326 quasdam
690 3243 790 3308 fuisse
812 3244 904 3308 facile
923 3243 1135 3307 concluditur.
1182 3240 1245 3303 Hic
1261 3240 1449 3323 Lysippi,

255 3373 351 3438 quem
384 3355 448 3417 iam
479 3353 526 3420 01.
551 3356 647 3439 86,2
677 3356 864 3420 Catachenis
894 3357 1059 3420 victoriam
1094 3355 1156 3418 sibi
1190 3373 1317 3437 parasse
1349 3355 1450 3415 incer-

254 3468 378 3530 tissima
409 3503 450 3513 -
481 3487 522 3530 99
553 3467 658 3531 dicam
687 3471 853 3533 temeraria
883 3506 925 3513 —
956 3475 1003 3532 est
1026 3467 1167 3532 Meinelri
1190 3467 1371 3529 coniectura
1395 3463 1449 3527 cfr.

254 3576 373 3643 Boalrh.
399 3577 431 3641 0.
456 3579 481 3642 I.
505 3600 576 3663 pag.
601 3581 763 3663 349-52,
793 3581 980 3644 Bacchas
1003 3578 1061 3667 (ll.
1085 3580 1130 3662 ΙΙ,
1154 3579 1217 3642 745
1240 3578 1276 3640 fr.
1302 3577 1337 3655 63
1363 3576 1400 3639 K.
1424 3575 1450 3657 l,

256 3692 329 3774 702,
352 3688 387 3778 6)
415 3692 530 3756 iisdem
560 3693 623 3758 fere
647 3694 856 3778 temporibus,
888 3693 1007 3778 quibus
1032 3691 1148 3756 Calliae
1171 3690 1317 3771 Pedetas,
1349 3693 1449 3752 actam

255 3824 324 3868 esse
347 3803 485 3869 breviter
508 3806 631 3870 addam.
678 3781 803 3872 Deinde
819 3805 1049 3888 Metagenis
1072 3804 1353 3884 Philothytem
1377 3821 1449 3864 cum

254 3921 381 4000 propter
404 3916 500 3981 Sacae
531 3918 774 4002 cavillationem,
795 3925 875 3983 'tum
904 3923 1032 4002 propter
1061 3917 1170 4000 fragm.
1197 3917 1213 3979 1
1245 3915 1287 3977 lli.
1312 3914 1353 3996 II,
1377 3913 1450 3993 756,

255 4028 293 4094 Κ.
312 4028 339 4110 Ι,
364 4028 427 4094 708
450 4029 486 4095 fr.
504 4031 556 4113 14,
579 4033 754 4096 certissime
777 4033 812 4094 in
835 4032 981 4116 parabasi
1006 4028 1197 4111 exhibitum,
1218 4029 1330 4112 primis
1353 4028 1451 4089 huius

254 4146 365 4225 poetae
387 4141 504 4222 fabulis
527 4144 771 4227 assignabimus.
807 4142 958 4227 Denique
982 4142 1022 4206 ob
1046 4143 1229 4210 Acestorem
1255 4140 1330 4220 (vid.
1349 4139 1390 4201 M.
1408 4138 1451 4218 II,

255 4254 318 4318 815
349 4255 383 4316 fr.
411 4255 443 4332 1;
479 4255 518 4318 K.
542 4255 569 4336 Ι,
600 4257 662 4322 749
690 4258 727 4320 fr.
752 4257 795 4320 60
826 4257 881 4319 cir.
906 4255 1005 4318 Muhl.
1033 4253 1125 4316 114-
1139 4254 1172 4333 5)
1203 4255 1297 4316 enam
1325 4249 1451 4314 Theo-

254 4368 388 4450 pompi
411 4365 489 4454 (vid.
515 4368 646 4432 Suidam
671 4388 694 4432 s.
713 4367 759 4454 v.)
781 4367 1045 4431 Tisamenum
1069 4364 1116 4428 Ol.
1134 4365 1176 4428 90
1200 4365 1250 4427 hic
1274 4363 1451 4427 adscribere
