3338 4954
337 1559 511 1672 Vdalricus
547 1607 584 1670 de
612 1605 1091 1687 Wilamcwitz-Moellendorff,
1127 1608 1176 1668 vir
1216 1605 1423 1687 clarissimus,

230 1719 262 1779 in
295 1718 524 1782 dissertationis
552 1719 751 1802 inauguralis
781 1740 807 1781 a.
836 1717 920 1782 1870
944 1720 1139 1802 conscriptae
1167 1723 1253 1802 parte
1283 1719 1423 1790 secunda

229 1830 326 1893 fastos
357 1833 494 1894 comicos
523 1851 580 1914 per
611 1850 712 1892 annos
734 1831 908 1919 lac-420
937 1851 1010 1896 cum
1040 1851 1057 1894 e
1089 1832 1270 1894 didascaliis
1301 1831 1423 1894 traditis

230 1962 419 2026 componere
452 1949 521 2006 tum
561 1962 601 2006 ex
642 1943 721 2025 ipsis
762 1949 929 2026 poetarum
963 1944 1108 2027 reliquiis
1141 1963 1252 2008 cruere
1290 1943 1421 2007 studuit.

228 2054 339 2138 Nuper
363 2055 515 2137 Muhlius,
540 2075 634 2140 quem
648 2055 870 2120 Wilamovvitzi
895 2057 1193 2120 commentationem
1216 2057 1250 2118 in
1273 2053 1424 2118 manibus

229 2187 294 2232 non
327 2167 478 2232 habuisse
510 2167 576 2251 (cfr.
601 2188 672 2251 pag.
697 2170 735 2234 31
762 2169 835 2232 adn.
862 2170 894 2253 l)
924 2169 1016 2232 valde
1046 2170 1162 2230 mirum
1194 2173 1258 2248 est,
1289 2168 1321 2229 in
1353 2187 1423 2250 pro·

229 2287 402 2364 grammate
417 2281 677 2364 Augsburgiensi
695 2301 721 2344 a.
742 2282 823 2347 1881
842 2282 926 2345 edito
942 2281 1076 2345 eandem
1095 2281 1261 2368 ,nrateriam
1285 2284 1423 2342 tractan-

231 2393 303 2456 dam
326 2393 387 2457 sibi
411 2394 559 2477 sumpsit,
590 2393 645 2456 sed
675 2395 720 2456 ita
743 2399 780 2456 ut
803 2395 970 2477 sequentia
995 2413 1123 2476 quoque
1155 2397 1297 2476 tempora
1319 2411 1423 2474 usque

230 2505 269 2568 ad
293 2505 340 2568 Ol.
365 2507 418 2588 93,
440 2506 462 2568 4
485 2508 707 2589 peragraverit.
764 2506 865 2582 Quem
890 2505 1034 2570 libellum
1058 2511 1178 2569 tantam
1203 2505 1419 2567 auctoritatem

229 2617 290 2681 sibi
306 2621 511 2700 conscivisse,
535 2625 571 2682 ut
587 2641 604 2682 a
620 2619 785 2682 nonnullis
809 2619 927 2682 criticis
952 2618 1198 2682 didascaliarum
1214 2618 1423 2700 antiquarum

229 2737 259 2795 et
293 2730 426 2795 aliarum
460 2752 567 2795 rerum
601 2732 846 2796 fundamentum
882 2732 975 2813 quasi
1009 2731 1213 2811 adhibeatur,
1252 2731 1312 2793 hcc
1347 2731 1423 2793 satis

228 2842 373 2907 mirabile
410 2845 489 2907 mihi
527 2845 668 2922 videtur;
716 2863 790 2906 nam
829 2881 870 2890 -
910 2851 945 2907 ut
984 2845 1062 2928 quid
1109 2845 1243 2906 sentiam
1287 2842 1424 2906 breviter

227 2955 368 3018 indicem
406 2993 448 3000 —
486 2958 671 3040 saepissime
708 2957 940 3040 vituperandus
979 2963 1036 3039 est,
1074 2975 1167 3039 saepe
1206 2955 1423 3038 corrigendus,

229 3083 392 3151 nusquam
410 3069 474 3133 iere
496 3073 582 3132 totus
605 3068 797 3153 probandus.
844 3069 957 3152 Itaque
977 3071 1195 3152 quaestionem
1218 3069 1301 3130 hanc
1323 3067 1423 3151 repeti

229 3201 309 3264 opus
341 3188 399 3264 est,
432 3182 614 3265 pracsertim
646 3181 732 3263 quod
763 3182 803 3245 ad
834 3202 936 3246 annos
966 3182 1077 3246 Niciae
1108 3201 1219 3265 pacem
1253 3183 1423 3262 sequentes

229 3295 351 3377 attinet,
375 3296 523 3378 quamvis
547 3294 642 3357 etiam
665 3296 699 3356 in
716 3293 942 3358 Wilamovvitzi
967 3295 1187 3358 dissertatione
1212 3291 1295 3355 haud
1319 3311 1422 3374 pauca

155 3475 158 3484 ,
228 3408 366 3489 reperias
402 3427 484 3490 quae
518 3414 574 3471 aut
607 3409 704 3471 nimis
737 3409 858 3471 incerta
898 3409 962 3471 sint
1000 3412 1055 3470 aut
1095 3407 1204 3488 aliqua
1245 3410 1423 3468 correctura

228 3524 351 3602 egeant.
396 3520 510 3603 Neque
533 3539 592 3602 ego
616 3519 745 3602 quidem
769 3540 844 3583 cum
868 3521 907 3583 ad
931 3519 1112 3584 comoediae
1136 3519 1248 3581 atticae
1272 3519 1422 3600 antiquae

229 3633 380 3715 reliquias
414 3633 595 3697 accederem
630 3638 662 3696 ct
697 3635 867 3716 praecipue
909 3633 1005 3698 fastos
1047 3632 1184 3694 comicos
1223 3650 1280 3713 per
1320 3651 1422 3694 annos

228 3743 401 3812 lae-403
434 3746 537 3829 quoad
571 3745 645 3808 licet
679 3746 894 3810 enucleandos
930 3747 1007 3809 mihi
1042 3749 1229 3825 statuerem,
1270 3763 1321 3806 me
1355 3762 1422 3807 rem

229 3860 409 3923 intricatam
443 3858 727 3941 difficillimamque
757 3864 788 3922 ct
818 3859 932 3922 molem
968 3859 1086 3922 umeris
1115 3857 1195 3920 meis
1225 3858 1281 3918 vix
1315 3876 1422 3940 parem

228 3972 366 4036 subiisse
389 3991 455 4036 non
478 3971 623 4035 intellexi
647 3975 743 4053 atque
766 3970 805 4034 de
828 3970 944 4034 tabella
966 3970 1191 4033 constituenda
1219 3969 1314 4053 plena
1345 3989 1422 4051 qua·

230 4085 300 4148 dam
325 4090 356 4147 et
378 4083 524 4147 absoluta
545 4084 609 4146 iam
631 4084 667 4145 in
690 4083 793 4165 operis
816 4084 908 4147 initio
933 4083 1038 4146 statim
1056 4083 1230 4166 desperavi.
1270 4083 1421 4145 Attamen

228 4200 262 4260 in
298 4217 365 4261 rem
400 4215 469 4260 esse
505 4196 609 4277 credo,
642 4196 706 4259 illis
742 4196 780 4259 de
814 4195 1011 4280 temporibus
1047 4216 1129 4280 quac
1165 4197 1304 4259 sciamus
1340 4213 1422 4276 quae

228 4312 411 4376 nesciamus
450 4309 593 4392 definiri,
630 4310 815 4393 praesertim
853 4329 927 4372 cum
964 4307 1068 4374 Kocki
1106 4328 1189 4372 nova
1226 4308 1422 4372 comicorum

230 4425 480 4510 fragmentorum
512 4424 650 4488 editione
678 4425 821 4487 omnium
854 4424 918 4488 lere
949 4424 1034 4487 oculi
1063 4423 1102 4486 ad
1135 4421 1295 4507 „Eupolin
1327 4425 1422 4506 atque
