3338 4954
707 262 923 329 ..25-

216 450 286 532 (cfr.
304 450 386 514 infra
409 457 440 516 et
455 473 486 536 p.
504 453 584 536 seq.)
606 458 711 535 partes
734 453 792 516 hac
815 453 847 515 in
871 453 979 516 fabula
1001 430 1101 516 fuisse
1125 451 1330 536 probabiliter
1353 453 1417 517 col·

216 564 308 646 ligas.
341 601 380 610 —
411 563 586 628 Videamus
615 583 715 646 nunc,
742 584 822 628 num
851 585 868 628 e
898 564 1059 648 Pagorum
1088 563 1197 627 fabula
1219 563 1417 646 Thucydidis

216 676 306 740 illam
338 677 550 740 narrationem
580 677 689 758 aliquo
719 677 812 740 modo
844 677 991 760 supplere
1019 681 1050 740 et
1078 677 1209 739 omnino
1231 677 1417 760 opinionem

217 794 358 852 nostram
382 788 453 851 aliis
475 787 572 852 rebus
595 788 706 852 fulcire
728 791 898 873 possimus.
940 789 979 852 ln
997 787 1202 852 contionibus
1217 789 1281 853 illis
1297 789 1417 853 tumul-

217 902 321 964 tuosis
345 938 385 944 —-
409 906 472 965 tres
495 901 596 965 fuisse
619 901 769 965 videntur
792 901 845 965 cfr.
870 901 967 964 Thus.
987 900 1029 983 V,
1051 900 1105 982 45,
1129 921 1196 984 cap.
1221 901 1263 965 46
1286 902 1416 966 initium

219 1011 318 1076 tinem
344 1049 378 1058 —
406 1018 531 1097 praeter
559 1013 759 1078 Alcibiadem
782 1013 984 1096 Niciamque,
1015 1015 1070 1097 qui
1099 1014 1257 1076 maximas
1287 1014 1418 1097 quidem

219 1130 251 1188 et
273 1130 377 1208 partes
401 1132 546 1210 egerunt,
578 1127 656 1190 alios
687 1126 843 1209 quosdam
872 1130 1010 1190 oratores
1032 1126 1193 1189 exstitisse
1214 1143 1272 1209 per
1295 1145 1328 1189 se
1352 1128 1418 1190 veri

223 1238 424 1302 simillimum
449 1246 506 1320 est,
536 1241 593 1322 qui
617 1245 672 1303 aut
694 1259 750 1322 pro
773 1239 1021 1303 Atheniensium
1043 1238 1168 1302 foedere
1191 1257 1265 1301 cum
1288 1237 1419 1322 Argivis

221 1352 444 1434 componendo
474 1357 530 1415 aut
559 1353 597 1416 dc
620 1351 945 1415 Lacedaemoniorum
975 1352 1114 1415 amicitia
1145 1350 1300 1416 servanda
1322 1350 1419 1415 verba

221 1463 371 1527 facerent.
416 1463 504 1528 Inter
527 1484 608 1547 quos
631 1463 867 1529 Demostratum
891 1464 983 1528 illum
1007 1484 1081 1528 cum
1105 1463 1272 1528 Alcibiade
1292 1463 1417 1545 fecisse,

221 1595 264 1638 ex
287 1576 384 1640 huius
407 1579 469 1640 viri
492 1577 635 1640 moribus
656 1575 748 1641 facile
769 1578 971 1661 perspicitur,
996 1596 1092 1661 quem
1114 1576 1264 1641 bellicoso
1286 1576 1417 1660 ingenio

222 1689 385 1752 hominem
420 1691 513 1754 novis
546 1689 642 1754 rebus
678 1709 802 1774 semper
841 1692 981 1754 maxime
1021 1689 1186 1754 studuisse
1228 1708 1418 1774 persuasum

222 1800 427 1885 habebimus,
463 1804 490 1866 si
521 1803 758 1886 expeditionem
792 1801 990 1867 Siciliensem
1024 1823 1096 1867 eum
1131 1822 1249 1887 magno
1283 1802 1419 1865 clamore

220 1915 463 1980 commendasse
487 1917 521 1978 in
538 1917 721 1980 memoriam
738 1913 832 1977 nobis
850 1897 1106 1996 revocaverimus
1122 1915 1175 1978 cir.
1193 1914 1278 1978 Plut.
1292 1912 1361 1977 Nic.
1377 1914 1417 1978 12

220 2025 325 2088 Alcib.
352 2027 392 2090 18
417 2029 577 2112 Aristoph.
601 2026 734 2109 Lysistr.
758 2027 818 2091 391
846 2039 911 2111 seq.
964 2027 1064 2091 Hunc
1094 2032 1248 2091 oratorem
1279 2045 1419 2110 eumque

222 2140 381 2226 ¹optimum
405 2160 485 2223 esse,
515 2142 692 2225 fragmento
716 2141 733 2203 7
758 2139 800 2206 Μ.
825 2139 875 2221 (Κ.
899 2142 954 2221 96)
969 2140 997 2221 *)
1022 2139 1156 2223 Eupolis
1180 2139 1320 2202 mordaci
1344 2158 1418 2202 cum

222 2252 326 2314 ironia
349 2252 500 2331 affirmat;
526 2254 599 2319 dein
622 2254 733 2338 fragm.
759 2252 867 2317 3411.
893 2253 944 2334 (K.
969 2254 1024 2334 97)
1048 2251 1285 2316 Demostratum
1310 2251 1418 2315 clami·

226 2369 347 2428 tantem
371 2374 595 2431 commemorat
617 2372 719 2450 poeta,
743 2366 799 2430 ubi
824 2386 887 2450 quo
910 2364 1100 2450 ἀδικούμενος
1122 2364 1202 2428 illud
1218 2363 1418 2429 referendum

225 2478 268 2539 sit
289 2479 321 2540 in
346 2480 451 2543 medio
474 2481 621 2563 relinquo
645 2480 786 2562 (fortasse
809 2480 848 2543 de
868 2479 1054 2543 verberibus
1076 2477 1327 2563 intellegendum
1345 2478 1417 2557 est);

222 2594 361 2654 attamen
393 2593 426 2655 id
455 2598 598 2657 constare
629 2593 766 2675 videtur,
800 2593 888 2656 hunc
918 2611 1045 2656 versum
1081 2593 1188 2676 aliquo
1220 2591 1313 2656 modo
1345 2610 1419 2654 oum

223 2703 278 2765 illo
301 2705 462 2790 Aristoph.
487 2705 680 2787 Lysistratus
703 2706 772 2769 loco
796 2707 972 2769 concinere.
1020 2705 1135 2769 Contra
1158 2705 1298 2786 [Phaeax,
1327 2708 1420 2767 antea

226 2815 351 2898 legatus
373 2819 407 2880 in
430 2817 555 2882 Italiam
579 2818 783 2902 Siciliamque
807 2820 926 2882 missus
948 2815 1015 2900 (cfr.
1039 2816 1136 2881 Thuo.
1160 2817 1200 2899 V,
1223 2818 1255 2902 4,
1277 2816 1420 2881 Pseudo-

224 2929 347 2992 Andoc.
364 2929 420 3013 IV,
435 2931 491 3016 41)
515 2933 592 2994 mihi
617 2933 711 2995 simul
736 2939 810 2995 cum
832 2931 926 2995 Nicia
947 2950 1059 3016 pacem
1083 2930 1263 3020 defendisse
1285 2929 1419 2993 videtur.

226 3039 329 3116 Quem
363 3045 530 3128 loquacem
565 3046 667 3129 magis
699 3065 795 3127 quam
825 3045 1001 3109 facundum
1030 3045 1131 3108 fuisse
1160 3043 1226 3127 (cfr.
1257 3041 1418 3125 Aristoph.

180 3201 182 3206 .
226 3154 287 3237 Eq.
306 3157 388 3221 1377
414 3177 487 3221 cum
503 3156 542 3220 Κ.
560 3158 648 3243 ann.)
671 3159 706 3221 fr.
725 3158 946 3242 81171115)
968 3157 1102 3243 Eupolis
1124 3159 1264 3221 irascens
1288 3154 1420 3238 quidem

223 3270 334 3331 nescio
365 3290 406 3333 an
434 3271 553 3334 idcirco
584 3273 677 3354 dicat,
709 3273 795 3355 quod
819 3273 869 3335 vir
895 3271 947 3334 ille
971 3269 1147 3334 Alcibiadis
1161 3342 1163 3346 .
1178 3274 1208 3332 et
1239 3269 1415 3332 amicorum

224 3382 294 3444 eius
318 3382 444 3447 dicendi
468 3386 501 3446 vi
525 3391 556 3448 et
578 3386 671 3468 quasi
693 3389 879 3469 tempestate
903 3384 1056 3466 deiectus,
1078 3381 1197 3466 populo
1221 3381 1260 3446 de
1281 3380 1418 3445 foederis

224 3514 299 3556 cum
322 3496 451 3580 Argivis
474 3498 611 3562 faciendi
641 3499 912 3582 inopportunitate
943 3502 1039 3580 atque
1068 3496 1223 3579 pravitate
1254 3513 1319 3558 non
1349 3513 1420 3578 per-

224 3607 359 3672 suadere
390 3616 421 3673 et
450 3629 516 3674 rem
548 3631 639 3675 suam
670 3611 758 3675 nullo
790 3611 884 3675 modo
914 3612 995 3674 tueri
1026 3609 1137 3693 potuit.
1196 3606 1346 3690 Denique
1381 3606 1420 3671 rle

225 3717 375 3785 Damasia
398 3721 638 3808 Laespodiaque
661 3725 714 3787 cfr.
739 3723 776 3786 11.
801 3724 840 3787 37
867 3722 916 3804 (K.
943 3724 1031 3804 ron:

432 3834 497 3900 ταδὶ
521 3835 611 3901 δὲτὰ
636 3836 739 3922 δένδρα
763 3834 942 3907 Λαισποδίας
964 3833 1014 3900 καὶ
1037 3832 1190 3920 Δαμασίας

821 3949 866 4029 aa)

434 3947 548 4014 αὐταῖσι
570 3951 632 4022 ταῖς
655 3947 808 4033 κνήμαισιν
890 3946 1086 4016 ἀκολουδαῦσί
1110 3954 1159 4034 μοι
1182 3985 1223 3996 -

226 4081 402 4089 ..ψ-...-

331 4156 356 4227 *)
375 4157 463 4212 Verba
486 4158 551 4211 haec
575 4157 645 4212 inter
662 4155 831 4225 Myronidem
856 4158 883 4209 et
900 4155 1031 4211 Periclem
1057 4157 1094 4211 ita
1113 4155 1257 4210 distributa
1275 4153 1365 4220 velim,
1390 4152 1421 4204 ut

226 4243 345 4298 Pericles
364 4245 473 4313 quidem
492 4245 645 4314 interroget,
663 4243 819 4314 Myronides
837 4243 1003 4311 respondeat,
1022 4247 1067 4299 cfr.
1087 4245 1117 4298 11.
1138 4251 1154 4301 9
1172 4242 1208 4297 Μ.
1227 4240 1272 4313 (K.
1285 4236 1341 4310 98).

318 4330 358 4400 **)
377 4330 450 4385 Haec
469 4331 597 4386 vocabula
615 4349 673 4386 mea
692 4331 824 4386 sententia
841 4333 984 4386 sanissima
1001 4334 1073 4400 sunt,
1099 4348 1165 4400 quae
1189 4326 1419 4396 interpretaberis:

227 4415 358 4484 „Arbores
383 4417 443 4472 illae
462 4418 624 4486 Laespodias
648 4423 675 4474 et
692 4419 832 4474 Damasias
855 4420 937 4474 simul
962 4437 1024 4474 curn
1048 4418 1173 4474 cruribus
1198 4418 1325 4471 secuntur
1343 4415 1420 4482 me“;
