3338 4954
732 197 946 286 410-

244 408 463 492 mowitzius*)
493 409 687 472 tractandam
719 415 749 472 et
780 391 970 473 diluendam
996 411 1165 492 hucusque
1194 410 1254 472 sibi
1286 412 1433 492 sumpsit,

244 540 314 582 mea
338 521 494 582 sententia
524 520 615 583 facile
646 521 792 584 dirimere
820 523 1005 604 poterimus
1036 522 1063 583 si
1086 528 1142 583 aut
1165 520 1212 583 Ol.
1237 511 1433 602 ’8121110-

244 632 347 711 nysiis
370 636 426 694 aut
442 629 488 695 Ol.
502 631 554 712 89,
571 633 591 695 3
607 631 739 695 Lenaeis
755 631 919 696 Platonem
938 619 1113 707 Querulum
1131 653 1222 696 suam
1238 635 1269 694 in
1288 652 1433 696 scaenam

243 743 434 826 produxisse
465 745 680 825 statuerimus,
703 737 768 827 ¹qua
798 747 830 807 in
863 745 971 807 fabula
1002 764 1069 808 sese
1093 744 1202 808 Oleoni
1232 745 1433 808 adversatum

244 875 312 919 esse
335 875 450 938 magna
466 874 542 918 voce
558 855 772 920 contenderat.
818 857 889 920 Hoc
913 877 987 919 cum
1011 857 1102 919 nullo
1125 857 1218 920 modo
1240 860 1307 946 pati
1330 863 1436 940 posset

244 968 482 1050 Aristophanes
503 967 597 1031 Pacis
627 988 703 1032 suae
726 968 925 1032 Liberalibus
956 969 1087 1032 urbanis
1115 969 1314 1032 exhibendae
1344 989 1434 1051 para·

244 1080 312 1142 basi
335 1098 447 1143 versus
469 1079 539 1142 illos
561 1082 625 1142 iam
655 1083 690 1143 in
713 1080 829 1165 Vespis
853 1081 952 1144 editos
976 1082 1108 1164 paulum
1133 1081 1273 1163 quidem,
1305 1081 1360 1144 sed
1392 1082 1435 1142 ita

245 1193 357 1274 opinor
386 1197 595 1254 commutatos
629 1193 773 1274 inclusit,
807 1201 843 1256 ut
870 1193 966 1257 verba
996 1190 1044 1256 καὶ
1076 1197 1186 1277 πρῶτον
1219 1191 1269 1276 μὲν
1301 1191 1435 1277 μάχομαι

245 1303 388 1366 Platonis
404 1323 532 1367 versum
555 1305 664 1385 istum,
689 1324 784 1387 quem
808 1325 904 1389 supra
927 1305 1071 1386 exhibui,
1095 1310 1234 1389 spectare
1255 1305 1434 1370 videantur.

247 1415 393 1479 Ceterum
419 1415 505 1498 quod
529 1418 671 1480 comicus
693 1416 778 1480 idem
801 1417 884 1486 Pace
908 1421 1052 1483 762-31

452 1525 501 1590 καί
539 1527 595 1613 γὰρ
632 1526 769 1613 πρότερον
803 1528 912 1613 πράξας
944 1530 1018 1594 κατὰ
1054 1535 1119 1592 νοῦν
1153 1525 1220 1614 οὐχί
1256 1525 1435 1612 παλαίστρας

607 1648 777 1726 περινοστῶν

451 1752 558 1823 παῖδας
581 1751 704 1838 ἐπείρων
728 1773 753 1818 e.
777 1775 806 1837 q.
831 1775 855 1818 S.

247 1863 381 1926 eandem
410 1865 635 1929 contumeliam
662 1869 783 1950 repetit,
819 1887 881 1949 qua
907 1869 970 1930 iam
987 1840 1172 1950 ¹Vesparum
1199 1886 1228 1927 u.
1256 1864 1339 1927 1025
1368 1861 1436 1926 οὐδὲ

246 1971 424 2060 παλαίστρας
454 1977 653 2063 περικωμάζει
682 1984 785 2064 πειρῶν
816 1981 886 2043 aliis
912 1981 1039 2062 quidem
1063 1979 1179 2042 additis
1203 1983 1234 2040 et
1256 1977 1437 2059 praemissis

247 2090 429 2152 summatim
448 2141 450 2145 .
467 2090 668 2174 breviterque
712 2093 928 2169 adversarium
972 2092 1131 2174 quendam
1178 2094 1353 2172 carpserat,
1398 2087 1438 2149 ad

246 2200 415 2283 Eupolidis
437 2201 644 2267 Maricantem
667 2205 760 2267 modo
783 2204 945 2288 actam**)
968 2203 1078 2284 refero,
1110 2202 1203 2264 cuius
1233 2204 1268 2264 in
1290 2201 1437 2284 parabasi

247 2318 372 2394 poetam
395 2315 613 2397 imprudenter
636 2318 805 2400 gloriatum
829 2336 897 2380 esse
918 2316 1104 2379 illudentem
1122 2313 1217 2377 simul
1232 2315 1438 2396 Aristophani

248 2426 347 2506 calvo,
370 2425 636 2491 Wilamowitaius
660 2428 724 2491 obs.
750 2430 816 2492 erit.
838 2448 908 2511 pag.
924 2428 967 2493 Ao
989 2433 1115 2511 propter
1137 2427 1211 2489 Pac.
1237 2447 1266 2486 r.
1285 2426 1348 2489 734
1372 2445 1437 2507 seq.

243 2543 278 2600 et
301 2537 362 2600 167
388 2557 452 2620 seq.
478 2539 568 2602 valde
596 2539 800 2622 probabiliter
822 2541 1002 2623 suspicatus
1025 2547 1080 2602 est.
1106 2538 1231 2602 —Sed
1256 2558 1319 2621 quo
1345 2537 1438 2600 modo

247 2649 423 2731 fragmenta
453 2669 526 2713 cum
558 2653 741 2716 coniectura
773 2673 869 2735 quam
898 2650 1094 2734 periclitatus
1125 2671 1197 2714 sum
1229 2651 1439 2730 consentiant,

249 2767 285 2824 ut
319 2763 485 2827 videamus
519 2770 582 2827 rest
602 2769 622 2826 t.
682 2767 731 2827 Ac
771 2766 909 2848 primurn
945 2763 1074 2846 quidem
1107 2763 1320 2845 fragmentum
1352 2759 1438 2826 3111.

248 2873 299 2956 (Κ.
329 2875 344 2936 1
359 2925 365 2940 .
390 2876 475 2960 109),
511 2877 597 2960 quod
628 2876 808 2940 Meinelrius
844 2877 882 2944 de
910 2877 1157 2940 Atheniensium
1193 2876 1374 2958 principatu
1410 2879 1441 2936 et
1492 2953 1498 2965 ,

248 2989 381 3070 imperio
404 2988 655 3072 intellegendum
678 3009 746 3053 esse
776 2989 954 3070 affirmavit,
978 2987 1121 3051 Muhlius
1144 3008 1214 3071 pag.
1240 2987 1281 3051 96
1306 2987 1344 3049 ad
1367 2985 1439 3048 Pla-

249 3105 355 3164 tonem
377 3103 485 3184 ipsum
508 3103 630 3165 minore
654 3121 728 3165 eum
751 3103 818 3166 veri
841 3102 1051 3165 similitudine
1077 3101 1208 3181 rettulit,
1239 3119 1256 3162 e
1290 3099 1441 3162 dramatis

353 3316 379 3386 *l
397 3317 556 3386 Eupolidem
582 3320 698 3370 Auream
722 3319 844 3370 Aetatem
870 3318 899 3369 in
927 3316 1050 3370 Cleonem
1078 3315 1219 3382 scripsisse
1247 3316 1274 3368 et
1299 3311 1440 3366 victoriam

250 3393 495 3469 splendidissimam
518 3405 680 3472 reportasse,
708 3403 769 3457 dein
794 3405 1000 3470 Aristophanem
1023 3404 1149 3468 veritum,
1176 3419 1209 3454 ne
1234 3417 1294 3468 prae
1320 3415 1389 3452 novo
1414 3400 1441 3451 et

249 3491 359 3544 fortasse
377 3491 555 3559 ingeniosiore
574 3490 690 3544 carmine
707 3491 736 3542 in
755 3490 918 3545 oblivionem
936 3491 1041 3543 caderet
1058 3489 1178 3557 Equites,
1198 3489 1241 3541 sui
1259 3486 1440 3540 laudationem

250 3579 278 3631 in
291 3578 359 3631 Pace
378 3579 515 3646 repetisse,
535 3577 760 3631 Wilamowitzius
778 3579 833 3631 obs.
848 3579 906 3631 orit.
921 3593 979 3644 pag.
990 3582 1076 3633 53-4
1093 3578 1190 3629 censet.
1227 3576 1263 3626 At
1281 3573 1353 3627 locos
1372 3571 1441 3637 illos,

251 3665 350 3733 quibus
378 3666 420 3716 vir
447 3665 542 3718 doctus
569 3665 748 3718 coniecturam
776 3681 852 3718 suam
878 3665 1012 3732 imprimis
1042 3663 1131 3730 fulsit,
1166 3661 1330 3714 Civitatibus
1356 3658 1441 3712 multo

251 3752 348 3805 melius
375 3752 485 3804 attribui
513 3768 593 3820 supra
614 3757 707 3820 pagi
732 3752 873 3820 explicavi.
911 3753 981 3817 Quid
1008 3751 1111 3821 igitur?
1147 3747 1287 3816 Eupolidis
1312 3745 1442 3799 Civitates

251 3839 361 3891 fortasse
388 3839 520 3906 spectavit
538 3840 751 3908 Aristophanes?
786 3839 845 3892 Mea
870 3840 979 3907 quidem
1004 3837 1136 3892 sententia
1160 3851 1254 3888 uersus
1278 3833 1324 3886 1110
1342 3849 1442 3900 nequa-

252 3942 330 3992 quam
348 3925 409 3979 10110
427 3928 476 3994 001,
496 3927 583 3994 qualis
595 3928 663 3980 hanc
677 3927 858 3996 suspicionem
871 3927 1045 3992 commendet,
1065 3939 1225 3992 quamquam
1244 3920 1380 3976 comoedia
1393 3934 1441 3971 sua

251 4012 363 4080 Eupolis
382 4013 506 4066 Cleonem
523 4015 658 4068 absentem
676 4016 768 4070 acerbe
786 4017 891 4068 taxasse
910 4015 1025 4068 videtur.

356 4101 397 4170 **)
414 4101 490 4154 Hanc
508 4102 580 4154 enim
597 4101 713 4154 fabulam
732 4103 847 4156 Cebetas
865 4119 922 4169 pag.
944 4107 991 4158 145
1010 4117 1069 4152 ann.
1090 4105 1102 4155 1
1124 4097 1163 4151 Ol.
1184 4103 1225 4163 89,
1243 4101 1260 4150 3
1286 4095 1442 4161 destinavit,

209 4199 211 4205 ⁴
253 4189 335 4243 schol.
360 4189 431 4243 Nub.
450 4193 515 4246 552:
544 4185 648 4263 ὕστερον
676 4193 754 4264 τρίτῳ
783 4191 833 4244 ἔτει
860 4195 909 4242 τῶν
932 4189 1056 4261 Νεφελῶν
1080 4185 1230 4238 rectissime
1257 4181 1443 4248 inberpretanS,

254 4275 703 4334 elr.etiamsohol.Aeharn.172
730 4279 757 4330 01
775 4276 875 4330 Eeeles.
895 4281 954 4341 796,
981 4273 1028 4326 ubi
1054 4275 1098 4346 ἕνη
1124 4271 1285 4326 vocabulum
1310 4269 1336 4327 ἐς
1355 4270 1442 4341 τρίτην

254 4363 343 4417 verbis
362 4363 506 4419 scholiasta
523 4367 582 4432 apte
601 4365 628 4417 et
646 4379 707 4416 vere
725 4381 816 4432 graece
835 4362 956 4417 declarat.
