3338 4954
690 299 902 364 ..21ss

196 483 398 566 Artopolides
432 505 516 548 anno
548 485 751 550 Maricantem
788 488 971 572 insequenti
1000 491 1020 552 i.
1045 509 1072 554 e.
1099 487 1146 551 Ol.
1173 489 1269 569 89,4
1300 488 1393 553 dubi-

197 599 300 658 tanter
322 600 447 660 tantum
471 599 657 681 assignavit,
681 599 829 681 equidem
847 620 913 663 non
936 601 1049 678 laud03
1075 621 1150 664 nam
1173 619 1243 664 meo
1271 601 1393 664 iudicio

196 709 274 770 haec
295 707 403 771 fabula
426 716 490 774 tam
513 717 595 774 certe
618 731 702 774 anno
719 712 784 775 420
800 718 869 775 acta
892 719 949 794 est,
974 733 1069 795 quam
1086 713 1228 795 reliquae
1245 711 1389 794 01.90,1

196 827 252 884 aut
274 822 303 884 2.
350 820 463 905 Itaque
491 824 631 906 primum
662 824 792 906 quidem
816 824 1007 889 Platonis
1030 824 1298 907 Hyperbolus
1329 827 1393 890 illis

196 933 318 997 finibus
341 936 631 1018 circumscribatur,
656 937 709 999 cfr.
734 943 858 1019 praeter
881 936 1036 1000 (lebetum
1059 957 1130 1020 pag.
1149 937 1208 1002 146
1232 937 1392 1002 Muhlium

197 1066 325 1128 quoque
348 1046 416 1110 97-
436 1047 473 1126 83
498 1047 638 1112 Meinelri
662 1051 857 1132 opinionem,
881 1051 938 1132 qui
961 1049 988 1131 I,
1005 1049 1067 1113 195
1090 1054 1217 1131 poetam
1235 1049 1282 1113 Ol.
1301 1051 1391 1132 91,2

195 1158 418 1242 Hyperbolum
454 1180 544 1224 suam
579 1162 613 1223 in
647 1181 762 1225 scaena
796 1161 981 1226 exhibuisse
1017 1161 1139 1241 censet,
1174 1163 1269 1226 verbo
1304 1165 1392 1247 tangi

197 1273 272 1335 satis
295 1277 353 1354 est,
384 1272 482 1336 refelli
506 1293 569 1335 nen
596 1278 725 1356 oportet.
751 1311 791 1318 -
816 1272 940 1338 Deinde
963 1275 1153 1338 accedamus
1176 1276 1216 1338 ad
1239 1275 1392 1340 Phere-

195 1385 324 1448 cratis
354 1385 661 1469 Servimagistri
690 1386 905 1469 fragmentum
929 1387 948 1450 6
972 1386 1026 1469 (M.
1049 1385 1093 1468 II,
1117 1387 1190 1450 271.
1216 1386 1246 1449 K
1278 1388 1304 1468 l,
1329 1389 1390 1452 158

194 1496 230 1558 fr.
255 1497 310 1580 47)
333 1497 426 1560 hoce:

417 1607 671 1695 Koirudpqqicrcil’
698 1607 859 1674 ἀποδοῦναι
882 1610 969 1675 πάλιν
992 1611 1028 1675 τὰ
1051 1609 1167 1698 χρυσία,

195 1722 281 1805 quod
303 1723 336 1784 in
359 1722 506 1806 parabasi
529 1723 636 1786 locum
661 1743 757 1786 suum
782 1723 908 1804 habuit3
940 1731 988 1789 est
1010 1727 1096 1789 enim
1122 1745 1232 1788 versus
1256 1725 1389 1808 Eupoli-
1466 1765 1467 1770 κ

197 1834 287 1915 deuS,
311 1854 406 1918 quem
431 1838 477 1898 sic
499 1835 564 1897 fere
595 1834 866 1918 interpretaberis:
901 1835 962 1918 „Et
993 1839 1101 1902 iubete
1131 1857 1205 1901 eum
1238 1839 1305 1901 sive
1337 1858 1391 1901 eos

195 1948 325 2012 reddere
359 1949 473 2032 pocula
508 1947 623 2010 aurea“
656 1985 696 1992 —-
733 1967 879 2031 perverse
913 1948 1049 2014 Bothius
1084 1970 1162 2012 com.
1198 1971 1243 2034 gr.
1278 1951 1388 2034 fragm.

197 2079 266 2142 pag.
285 2061 322 2123 91
350 2058 589 2147 ἀναψηφίσασθε,
614 2061 688 2122 Aer.
711 2059 806 2142 Med,
829 2063 956 2143 passive
980 2064 1078 2125 sumit
1101 2069 1132 2126 et
1155 2063 1256 2126 vertit.
1303 2063 1390 2126 Illud

194 2173 232 2234 ad
257 2173 469 2256 fragmentum
493 2172 675 2236 Meineliius
698 2172 778 2236 Crat.
799 2172 907 2237 Thrac.
932 2174 1005 2239 fr.3
1030 2173 1083 2254 (M.
1100 2173 1144 2256 ΙΙ,
1168 2174 1221 2255 63,
1243 2173 1283 2236 Κ.
1301 2174 1324 2254 Ι,
1347 2175 1389 2239 35

193 2284 228 2346 fr.
247 2286 299 2365 73)
322 2286 398 2349 item
421 2287 455 2348 in
478 2287 625 2370 parabasi
648 2287 828 2350 exhibitum
852 2286 1006 2368 laudavit,
1030 2287 1086 2350 ubi
1110 2287 1178 2350 sine
1202 2287 1268 2350 ulla
1292 2307 1390 2351 causa

193 2395 350 2480 Bergkius
373 2396 496 2476 ἔπαυσα,
521 2401 588 2463 cod.
606 2401 838 2483 lungermanni
855 2396 985 2463 ἔπαυσαν
1006 2420 1061 2484 pro
1079 2397 1205 2462 ἔπαυσεν
1221 2399 1390 2464 ediderunt

194 2512 285 2588 (errat
307 2511 359 2573 hie
382 2511 548 2594 Koolrius),
578 2515 687 2596 itaque
709 2512 796 2576 haud
820 2513 921 2577 multo
945 2521 1018 2577 ante
1041 2513 1211 2594 (contende
1241 2515 1324 2577 inter
1356 2535 1390 2578 se

192 2622 368 2705 fragmenta
392 2625 469 2708 duc)
493 2624 540 2689 Ol.
566 2627 619 2708 84,
642 2629 669 2691 si
694 2626 824 2710 quidem
849 2627 908 2688 viri
939 2626 1083 2690 eiusdem
1115 2626 1198 2689 docti
1231 2627 1270 2690 de
1302 2627 1390 2690 illius

194 2736 375 2800 comoediae
398 2740 521 2802 actione
545 2741 686 2823 suspicio
708 2745 792 2803 recte
816 2758 849 2801 se
877 2737 982 2819 habet,
1012 2739 1121 2802 drama
1144 2739 1386 2803 Pherecrateum

191 2848 226 2910 in
250 2869 397 2913 scaenam
420 2852 612 2935 productum
627 2871 696 2916 esse
712 2852 906 2915 concluserit
923 2851 1082 2934 quispiam
1106 2850 1183 2932 (vid.
1200 2851 1238 2914 K.
1257 2872 1328 2935 pag.
1346 2853 1387 2916 36

192 2961 231 3023 ad
254 2961 363 3046 fragm.
389 2965 452 3045 73).
507 2967 657 3028 Attamen
688 2965 793 3048 aptius
826 2984 922 3046 quam
947 2963 1127 3036 Meinekius
1159 2984 1228 3027 mea
1258 2965 1387 3047 quidem

192 3076 349 3138 sententia
371 3075 515 3140 laudavit
537 3077 681 3166 Mublius
703 3096 774 3160 pag.
793 3076 833 3140 88
857 3075 1017 3140 Leuconis
1035 3076 1175 3139 Phrater.
1193 3076 1229 3138 fr.
1250 3078 1264 3139 1
1285 3075 1326 3138 M.
1344 3075 1388 3149 11,

192 3185 499 3272 mmmm

395 3299 481 3387 'Arcip
505 3296 529 3364 ὦ
550 3299 721 3385 Μεγάκλεες
744 3299 832 3364 οἶσθά
855 3325 910 3364 που
924 3301 962 3382 *1,
987 3299 1140 3371 Παοὶπιὸος

394 3412 573 3500 Ὑπέρβολος
596 3412 775 3499 etardum
798 3412 993 3498 κατεδήδοκεν
1017 3451 1059 3458 -—

193 3547 267 3589 nam
283 3526 480 3592 Pherecratis
504 3534 535 3592 et
549 3527 709 3592 Leuconis
731 3529 909 3611 fragmenta
931 3527 986 3589 illa
1008 3525 1102 3588 ambo
1125 3526 1282 3588 artissime
1306 3527 1388 3588 inter
1466 3528 1469 3536 '

192 3659 225 3702 se
255 3641 419 3705 cohaerere
447 3647 477 3704 et
506 3641 639 3705 eandem
671 3659 736 3704 rem
766 3640 894 3724 publice
925 3644 1026 3703 actam
1056 3645 1198 3721 spectare
1227 3639 1386 3702 videntur.
1458 3705 1460 3710 ,

191 3755 299 3836 Atque
321 3754 459 3817 multum
482 3753 689 3835 lucrabimur,
718 3755 745 3816 si
768 3756 828 3818 hoc
850 3753 971 3816 bonum
995 3753 1163 3814 inventum
1187 3751 1386 3832 tenebimus,

191 3885 265 3928 nam
289 3885 362 3929 cum
386 3866 546 3931 Leuconis
569 3866 796 3950 Phrateres**)
822 3865 869 3929 Ol.
895 3866 947 3946 89,
970 3865 990 3928 3
1014 3866 1055 3945 (a.
1081 3864 1160 3948 421)
1184 3865 1280 3928 simul
1312 3885 1387 3927 cum

294 4045 320 4114 *1
354 4047 399 4100 Sic
434 4047 603 4100 Fritzschius
639 4062 686 4114 pro
722 4043 836 4100 ὑσθέτου
872 4044 1091 4112 corruptissim03
1128 4046 1219 4098 minus
1254 4044 1388 4112 eleganter

190 4132 342 4186 Meinekius
370 4131 438 4188 οἶσθ’
461 4129 491 4201 d,
519 4139 638 4186 ceterum
661 4133 790 4186 memoria
814 4133 933 4201 dignum,
961 4130 1088 4200 Paapidis
1114 4131 1209 4200 pocula
1233 4132 1284 4184 sub
1308 4131 1388 4184 finem

191 4219 290 4274 saeculi
316 4220 414 4274 intacta
439 4220 548 4273 stetisse
567 4220 595 4272 in
613 4219 790 4273 Parthenonis
808 4218 1015 4286 Heoatompedo,
1034 4221 1079 4272 cfr.
1100 4220 1127 4278 C,
1147 4218 1167 4272 I.
1188 4221 1219 4276 A.
1238 4218 1273 4284 H,
1292 4224 1317 4284 2,
1337 4223 1387 4275 650

191 4337 224 4345 -
243 4309 340 4383 χρυσὶς,
359 4304 391 4380 ἦν
411 4307 512 4367 liciam
532 4304 657 4380 [ἀνέθηκε
676 4308 730 4375 -],
749 4306 796 4360 ubi
815 4307 861 4359 cfr.
882 4304 1005 4360 Koebler.

295 4394 333 4462 **)
351 4395 502 4448 Leuconcm
518 4394 590 4447 illam
603 4393 719 4447 fabulam
732 4396 823 4447 contra
830 4392 979 4460 Hyperboli
993 4393 1164 4459 potissimum
1178 4392 1387 4446 dominationem

190 4482 340 4551 scripsisse,
358 4483 404 4536 cui
416 4482 576 4536 Phr-aterum
594 4481 706 4536 titulum
720 4481 874 4550 indidisset,
893 4480 1020 4549 quoniam
1038 4479 1084 4533 ille
1102 4494 1154 4532 non
1172 4479 1270 4533 fuisset
1288 4478 1387 4532 relatus
