3338 4954
768 178 984 243 „20-

277 393 388 438 comm.
413 393 483 456 pag.
509 373 570 437 357
603 375 729 454 propter
760 369 915 452 fragm.4
946 369 987 432 M.
1021 369 1071 450 (K.
1096 370 1172 450 245)
1204 369 1468 454 Euthyphronem

276 486 489 569 Prospaltium
518 486 576 547 hac
607 486 641 546 in
668 482 776 545 fabula
807 481 985 564 Eupolidea
1017 489 1161 545 taxatum
1193 501 1262 547 essa
1295 486 1469 568 contendit,

278 607 309 668 et
335 619 393 682 per
421 617 453 660 se
483 599 590 660 inanis
618 596 801 659 coniectura
831 599 877 658 est
906 599 936 657 et
964 595 1081 658 idcirco
1110 597 1199 659 nullo
1222 598 1315 661 modo
1338 599 1470 682 probare

278 732 421 796 possum,
453 711 529 792 quia
551 711 578 772 si
601 712 685 772 reete
706 710 784 772 haec
806 709 855 792 vir
879 707 991 770 doctus
1014 708 1251 792 disputavisset,
1282 718 1470 794 sequeretur

276 823 469 908 Prospaltios
493 842 518 884 ο.
543 820 590 884 01.
615 821 657 884 95
682 820 748 901 (of.
774 820 816 883 M.
841 821 866 902 I,
893 821 967 902 142)
991 825 1092 884 actam
1116 841 1202 900 esse;
1228 825 1312 906 quod
1338 828 1469 889 omnino

277 958 348 1011 uon,
376 936 446 1000 fieri
478 936 632 1018 potuisse,
668 939 723 996 aut
753 935 817 997 iam
848 953 1037 1016 persuasum
1068 933 1165 997 habes
1194 940 1249 998 aut
1279 942 1388 1019 postea
1410 939 1469 1002 tibi

277 1047 492 1132 persuadebis.
552 1046 730 1128 Kookium,
773 1048 828 1129 qui
866 1045 906 1108 ob
944 1047 1100 1128 Aspasiae
1138 1051 1469 1114 commemorationem

278 1161 471 1244 Prospaltios
502 1180 566 1223 non
598 1160 696 1223 multo
727 1164 799 1242 post
822 1158 954 1223 Periclis
977 1164 1107 1222 mortem
1132 1161 1165 1222 in
1190 1180 1336 1224 scaenam
1362 1164 1468 1227 datam

278 1294 346 1337 esse
374 1274 413 1336 ad
442 1274 553 1354 fragm.
578 1273 640 1336 249
672 1272 846 1353 adnotavit,
882 1270 1030 1354 pluribus
1063 1271 1166 1334 verbis
1194 1273 1333 1338 refellere
1355 1278 1468 1342 taedet.

280 1371 387 1461 Quid?
424 1404 532 1448 nonne
561 1390 655 1468 putas
676 1383 866 1468 Eupolidem
890 1385 1071 1466 Aspasiam,
1100 1386 1224 1447 etiamsi
1247 1387 1382 1450 Athenis
1405 1411 1469 1452 non

279 1498 416 1582 amplius
440 1503 615 1560 moraretur
635 1501 691 1560 aut
707 1503 805 1560 morte
821 1499 885 1559 iam
902 1496 1099 1575 decessisset,
1122 1496 1264 1560 Helenae
1280 1503 1469 1583 cognomine

276 1587 532 1693 ignominioso*)
562 1611 741 1693 vituperare
763 1611 913 1692 potuisse,
949 1611 1004 1691 qui
1029 1615 1059 1671 et
1083 1607 1247 1673 Cimonem
1278 1613 1469 1678 iamdudum

279 1728 439 1784 mortuum
486 1722 771 1786 vehementissimis
816 1721 985 1784 calumniis
1030 1724 1218 1786 vexaverit?
1284 1721 1345 1787 Cfr.
1384 1727 1468 1790 Plut.

279 1834 355 1897 Cim.
382 1836 433 1916 15,
458 1834 552 1899 schol.
572 1835 724 1898 Aristidis
747 1855 817 1918 pag.
834 1833 898 1898 515
923 1834 968 1897 ed.
992 1831 1135 1896 Dindorf.
1161 1833 1203 1896 M.
1220 1834 1264 1917 II,
1286 1835 1350 1900 512
1373 1839 1409 1901 fr.
1429 1840 1470 1903 10

279 1927 330 2028 (K.
354 1947 381 2029 I,
404 1947 467 2011 315
490 1947 527 2010 fr.
552 1948 640 2028 208),
668 1948 731 2009 vid.
756 1948 889 2029 iusuper
910 1945 992 2008 infra
1014 1966 1083 2029 pag.
1108 1947 1149 2009 22
1174 1948 1246 2010 adn.

382 2059 563 2124 Redeamus
587 2079 674 2122 nunc
698 2060 737 2122 ad
760 2058 904 2122 Nubiurn
928 2056 1118 2140 parabasim,
1149 2059 1206 2124 ubi
1229 2062 1470 2145 Aristophanes,

278 2177 446 2256 postquam
471 2191 505 2236 se
520 2171 695 2254 Equitibus
718 2172 801 2235 edita
824 2173 857 2232 in
875 2169 1001 2234 Cleonis
1018 2178 1159 2260 ventrem
1175 2173 1274 2236 semel
1296 2175 1470 2257 insiluisse,

276 2291 346 2348 tum
371 2292 476 2349 autem
502 2285 680 2364 adversario
702 2288 856 2368 prostrato
882 2284 1058 2366 pepercisse
1081 2283 1258 2367 affirmavit,
1283 2286 1321 2349 de
1343 2286 1469 2370 Hyper·

277 2397 349 2460 bolo
368 2398 503 2480 eiusque
518 2398 658 2460 inimicis
674 2398 804 2459 comicis
820 2395 884 2478 (cfr.
899 2395 1058 2458 Plutarch.
1076 2396 1176 2458 Alcib.
1189 2398 1228 2460 13
1242 2419 1311 2481 pag.
1328 2399 1389 2464 196
1403 2399 1470 2481 fin.)

278 2508 375 2573 verba
396 2509 471 2572 facit
493 2529 544 2572 vv.
569 2508 628 2573 551
657 2529 738 2592 seq:

434 2615 522 2686 Οὗτοι
545 2618 574 2684 δ’
600 2620 638 2693 ὡς
662 2618 738 2694 ἅπαξ
761 2620 931 2706 παρέδωκεν
954 2619 1047 2705 λαβὴν
1067 2617 1254 2705 Ὑπέρβολος,

433 2739 531 2797 τοῦτον
555 2735 681 2798 ὃειλαῖον
704 2731 863 2819 κολετρῶσ’
890 2731 937 2797 ἀεὶ
960 2729 1009 2795 καὶ
1032 2731 1082 2815 τὴν
1107 2733 1225 2818 μητέρα.

436 2841 563 2918 Εὔπολις
587 2845 638 2932 μὲν
660 2847 708 2910 τὸν
732 2845 869 2931 Μαρικᾶν
892 2845 1048 2932 πρώτιστος
1071 2843 1262 2930 παρείλκυσεν

343 2959 407 3023 554
433 2959 592 3046 ἐκστρέψας
615 2960 681 3031 τούς
704 2957 862 3044 ἡμετέρους
881 2958 1001 3030 Ἱππέας
1024 2958 1113 3030 κακὰς
1136 2964 1239 3035 κακῶς,

328 3065 333 3080 l
433 3069 570 3156 προσθεὶς
594 3071 673 3158 αὐτῷ
691 3077 780 3156 γραῦν
804 3071 934 3156 μεθύσην
957 3077 1008 3135 τοῦ
1031 3069 1172 3156 κόρδακος
1197 3070 1298 3158 εἵνεχ’,
1322 3068 1357 3156 ἣν

435 3183 580 3272 Φρύνιχος
603 3184 696 3249 παλαι
718 3182 859 3270 πεπόηχ’,
882 3179 917 3268 ἣν
939 3183 971 3246 τὸ
995 3190 1080 3268 κῆτος
1103 3179 1212 3267 ἤσθιεν.

435 3294 492 3361 εἷθ’
511 3294 679 3383 Ἕρμιππος
703 3291 788 3368 αὖθις
811 3294 946 3380 ἐποίησεν
970 3299 1009 3370 εἰς
1029 3295 1218 3382 Ὑπέρβολον.

434 3403 518 3474 ἄλλοι
541 3409 569 3474 τ’
595 3407 653 3494 ἤδη
676 3409 780 3481 πάντες
803 3407 960 3495 ἐρείδουσιν
984 3410 1024 3480 εἰς
1043 3407 1223 3495 Ὑπέρβολον

434 3521 485 3593 τὰς
510 3523 603 3595 εἰκοὺς
626 3529 679 3587 τῶν
702 3523 849 3609 ἐγχέλεων
871 3520 922 3592 τοὶς
946 3521 1018 3605 ἐμὰς
1042 3521 1220 3606 μιμούμενοι.

384 3633 456 3697 Non
486 3635 596 3719 fugere
624 3642 746 3720 poterat
777 3633 885 3698 Cobeti
915 3635 1081 3716 ingenium
1114 3635 1179 3714 (cfr.
1204 3635 1269 3698 obs
1303 3638 1369 3700 crit.
1396 3637 1470 3714 144,

281 3745 342 3810 145
366 3749 454 3828 seq),
486 3750 599 3829 quanti
627 3749 779 3812 momenti
809 3748 861 3810 hic
894 3747 984 3809 loeus
1018 3748 1059 3810 sit
1087 3748 1127 3808 ad
1161 3749 1324 3812 comoedia
1356 3751 1469 3812 atticae

279 3860 430 3941 antiquae
463 3863 581 3942 partem
617 3859 758 3943 aliquam
790 3859 1028 3929 restituendam.
1085 3859 1146 3922 Sed
1181 3862 1266 3943 quod
1299 3861 1468 3944 Hermippi

264 4127 269 4136 ⁴
383 4059 410 4135 *l
435 4065 485 4118 Cfr.
510 4066 642 4133 praeterea
666 4065 760 4134 Eupol.
779 4066 865 4119 Amic.
886 4065 919 4118 ld.
942 4065 976 4134 Π,
997 4071 1047 4122 735
1071 4066 1101 4117 f.
1122 4071 1151 4123 11
1179 4067 1223 4135 (K.
1242 4066 1264 4134 Ι,
1283 4071 1334 4124 332
1358 4068 1388 4119 fr.
1407 4067 1468 4135 274)

279 4154 368 4220 aperte
392 4153 556 4218 corruptum,
580 4151 634 4204 vid.
655 4151 722 4205 Crat.
742 4151 849 4206 Chiron.
868 4152 897 4204 fr.
916 4157 941 4218 4,
970 4167 1129 4219 quamquam
1156 4154 1184 4204 id
1209 4154 1327 4206 constare
1352 4153 1468 4218 videtur,

279 4236 437 4305 Eupolidem
464 4237 492 4290 in
519 4238 568 4290 hae
593 4253 698 4306 quoque
721 4239 816 4306 fabula,
844 4255 923 4308 quarn
947 4255 968 4290 a.
987 4243 1039 4294 424
1063 4241 1148 4292 aotam
1166 4255 1226 4292 esse
1244 4238 1469 4292 Wilamovvitzius

279 4321 450 4392 probabiliter
468 4323 669 4390 demonstravit,
688 4326 816 4393 Aspasiae
834 4339 930 4378 nomen
948 4325 1045 4377 intorno
1063 4325 1171 4394 aliquod
1190 4325 1304 4378 dedisse.
