3338 4954
729 263 921 345 ..3¹-

230 475 312 536 certe
341 471 542 554 aptissimum
572 476 630 553 est,
658 472 685 534 si
717 471 846 554 quidem
878 489 975 553 supra
1006 470 1044 533 de
1068 468 1194 532 Cleonis
1218 469 1420 552 expeditione

220 585 266 674 ⁴in
289 583 452 646 Thraciam
477 583 568 646 modo
591 583 673 646 facta
695 588 779 648 recte
802 583 972 666 disputavi.

332 695 384 757 Ad
408 695 595 759 Platonis
619 693 842 770 Querulum
864 713 952 758 nunc
976 693 1175 756 accedamus,
1221 691 1291 756 Hac
1313 691 1421 754 fabula

231 812 262 870 et
290 805 465 889 Phrynichi
496 807 683 890 Monstropo
713 808 797 870 inter
826 826 860 870 se
891 806 1097 889 comparatis,
1129 825 1225 888 quam
1256 802 1424 884 Dionysiis

232 918 280 982 Ol.
305 920 358 1000 91,
381 923 402 983 2
425 925 526 982 actam
550 937 619 983 esse
642 937 683 982 ex
706 920 873 1002 hypothesi
896 920 1017 981 Avium
1043 919 1058 981 1
1085 922 1209 980 constat
1232 917 1299 997 (cfr.
1324 915 1420 980 schol.

232 1034 292 1092 Av.
318 1031 407 1112 997),
438 1037 607 1115 utramque
638 1032 723 1095 idem
754 1031 817 1096 fere
848 1036 1070 1114 argumentum
1102 1030 1252 1095 habuisse
1282 1035 1313 1094 et
1341 1029 1423 1090 hanc

232 1143 272 1206 ob
296 1162 426 1207 causam
448 1143 626 1227 Perialgem
651 1162 780 1226 quoque
801 1148 875 1227 post
898 1141 1057 1224 Syracosii
1085 1143 1188 1226 legem
1218 1143 1252 1206 in
1277 1160 1423 1205 scaenam

234 1255 419 1338 productam
452 1255 562 1336 luisse,
596 1254 735 1318 Cobetus
770 1254 834 1318 obs.
865 1258 932 1318 crit.
962 1275 1033 1339 pag.
1059 1256 1121 1320 173
1145 1275 1210 1338 seq.
1245 1255 1324 1316 mihi
1358 1272 1422 1315 non

234 1367 387 1451 probavit.
445 1367 506 1432 Sed
540 1369 671 1431 fortasse
705 1367 767 1430 alia
796 1369 848 1430 via
882 1369 1048 1432 enucleare
1082 1368 1205 1450 aliquid
1237 1367 1425 1451 poterimuS,

233 1481 342 1562 itaque
378 1480 567 1543 accedamus
600 1480 740 1562 primum
776 1481 905 1562 quidem
940 1481 979 1543 ad
1009 1481 1119 1563 fragm.
1146 1481 1166 1542 2
1199 1478 1253 1560 (M.
1278 1478 1322 1560 11,
1352 1480 1425 1558 653,

234 1589 274 1654 Κ.
298 1591 326 1672 Ι,
349 1592 423 1672 630,
446 1591 482 1654 11.
509 1592 599 1671 107);

497 1715 527 1793 ὃς
550 1725 647 1805 πρῶτα
671 1717 722 1804 μέν
746 1719 863 1783 Κλέωνι
886 1718 1012 1805 πόλεμον
1035 1718 1160 1805 ἠράμην.

236 1848 336 1913 Hunc
365 1870 492 1915 versum
522 1850 700 1934 Perialgem
730 1851 837 1933 ipsum
867 1851 998 1932 dixisse,
1013 1853 1070 1934 ita
1100 1857 1206 1914 tamen
1236 1856 1271 1913 ut
1294 1847 1427 1911 Dicaeo-

128 1957 131 1964 ’
234 1962 316 2045 polis
359 1963 435 2026 dicit
476 1983 532 2046 pro
568 1963 781 2046 Aristophane
815 1963 954 2026 Acharn.
989 1983 1039 2024 vv.
1068 1963 1130 2026 377
1160 1981 1243 2044 seq.,
1285 1959 1428 2024 Kochius

235 2076 411 2157 rectissime
441 2077 586 2156 coniecit,
616 2077 673 2159 qui
701 2095 758 2138 cur
789 2082 881 2138 antea
912 2094 1040 2139 versum
1070 2075 1161 2137 illum
1190 2080 1221 2138 et
1250 2075 1428 2137 trimetrum

237 2180 410 2270 et'partem
441 2190 612 2252 tetrametri
642 2207 710 2252 esse
739 2207 833 2270 posse
855 2207 896 2251 ex
920 2187 1127 2270 epirrhemate
1149 2188 1280 2269 petitam
1304 2192 1430 2270 propter

238 2298 393 2364 Cobetum
426 2301 682 2384 pronuntiaverit
705 2298 801 2382 Vesp.
825 2320 877 2360 vv.
903 2299 987 2363 1275
1019 2319 1083 2383 seq.
1114 2297 1250 2379 collatis,
1279 2299 1428 2382 equidem

238 2414 368 2475 omnino
397 2432 464 2476 non
491 2412 649 2496 intellego.
703 2411 822 2475 Sensus
856 2411 1024 2495 fragmenti
1058 2410 1188 2494 planus:
1224 2417 1316 2494 poeta
1344 2412 1429 2475 enim

237 2524 401 2607 gloriatur,
433 2544 466 2588 se
497 2526 637 2608 primum
661 2523 770 2588 Oleoni
799 2524 918 2588 bellum
949 2524 1097 2587 intulisse
1119 2523 1247 2605 (deinde
1271 2524 1364 2608 aliis).
1388 2561 1430 2568 —

237 2635 449 2700 Transeamus
473 2656 561 2700 nunc
584 2637 624 2700 ad
649 2637 872 2719 Aristophanis
895 2637 1073 2720 Vesperum
1102 2635 1282 2719 parabasin,
1311 2636 1367 2699 ubi
1400 2642 1431 2700 ct

235 2747 301 2810 alia
323 2754 354 2811 et
376 2749 454 2812 haec
475 2749 627 2832 leguntur
650 2750 862 2830 (1029-37):

394 2875 466 2942 Οὐδ’
505 2875 553 2941 θτε
592 2884 702 2963 πρῶτον
742 2877 770 2962 γ’
807 2873 876 2963 ἦρξε
916 2875 1061 2940 διδάσκειν
1103 2875 1266 2962 ἀνθρώποις
1306 2877 1378 2962 φησ’

1017 2988 1174 3053 ἐπιθέσθαι
1187 2990 1222 3070 *1,

395 3100 464 3166 ἀλλ’
492 3101 677 3187 Ἡρακλέους
701 3102 788 3189 ὀργήν
817 3102 869 3167 τιν)
897 3102 975 3189 έχων
1005 3103 1078 3166 τοῖσι
1102 3100 1243 3187 μεγίστοις
1267 3102 1431 3187 ἐπιχειρεῖν,

397 3215 529 3300 θρασέως
553 3216 653 3288 ξυστὰς
676 3215 764 3286 εὐθὺς
788 3215 839 3280 ἀπ’
867 3215 961 3302 ἀρχῆς
985 3213 1065 3300 αὐτῷ
1084 3221 1125 3300 τῷ
1146 3214 1367 3301 καρχαρόδοντι,

396 3323 431 3391 οὗ
454 3326 618 3392 δεινόταται
642 3327 693 3413 μὲν
717 3327 770 3392 ἀπ’
796 3327 956 3413 ὀφθαλμῶν
980 3327 1092 3411 Κύννης
1115 3326 1227 3399 ἀκτῖνες
1251 3325 1389 3411 ἔλαμπον,

311 3519 317 3529 ¹
362 3446 370 3464 ⁸
397 3441 501 3505 ἑκατὸν
525 3439 557 3504 δὲ
580 3441 679 3527 κάκλῳ
703 3438 831 3526 κεφαλαὶ
853 3440 988 3505 κολάκων
1011 3440 1214 3526 οἰμωξομένων
1237 3442 1397 3526 ἐλιχμῶντο

397 3552 462 3639 περὶ
478 3555 529 3640 τὴν
544 3555 687 3641 κεφαλήν,
710 3553 810 3641 φωνὴν
826 3552 854 3617 δ’
874 3553 953 3640 εἶχεν
969 3552 1121 3640 χαράδρας
1137 3547 1260 3638 ὄλεθρον
1276 3550 1433 3627 τετοκυίας,

347 3810 371 3878 *l
392 3815 459 3869 1029
478 3829 587 3867 versum
611 3813 738 3882 equidem
762 3828 824 3866 cum
843 3813 941 3868 Cobeto
964 3814 991 3866 et
1009 3812 1218 3866 Wilemowitzio
1242 3827 1300 3881 pag.
1318 3816 1353 3869 40
1371 3811 1435 3864 sub-

242 3896 369 3951 diticium
392 3898 489 3953 habere
513 3917 623 3969 nequeo,
651 3900 698 3969 qui
722 3901 760 3954 ita
782 3899 887 3968 positus
911 3902 960 3967 est,
989 3901 1019 3952 ut
1042 3915 1101 3953 meo
1124 3899 1227 3953 iudicio
1251 3899 1359 3953 omnino
1383 3915 1435 3951 non

242 3983 337 4037 debeat
354 3985 421 4052 eici3
446 4002 532 4054 neque
552 3983 702 4061 ἀνθρώπους
720 4005 782 4042 cum
801 3986 1010 4041 Wilamowitzio
1034 4003 1092 4055 pag.
1111 3991 1145 4044 36
1162 3986 1285 4040 homines
1303 3985 1336 4039 de
1354 3986 1454 4039 trivio·

241 4069 409 4138 interpretor,
438 4073 485 4125 sed
509 4074 577 4126 hanc
603 4091 695 4128 vocem
719 4076 837 4130 monstro
861 4074 902 4127 illi
921 4074 1070 4143 oppositam
1088 4089 1147 4127 csse
1166 4089 1324 4141 persuasum
1343 4072 1435 4138 habac,

243 4157 314 4226 quod
341 4158 516 4227 sequentibus
544 4161 668 4215 versibus
694 4161 844 4216 luculenter
869 4162 989 4217 comicus
1017 4160 1148 4228 depinxit.
1189 4161 1283 4230 Itaque
1309 4159 1378 4214 salse
1406 4176 1436 4213 ao

242 4243 357 4298 ridicule
378 4247 457 4313 poeta
473 4246 544 4300 inter
561 4246 679 4316 reliquos
697 4249 820 4304 homines
844 4251 871 4301 et
894 4249 964 4302 inter
983 4248 1107 4302 Cleonem
1125 4248 1261 4302 discernit.
1297 4246 1437 4301 Praeterea

242 4331 359 4400 aspicias
384 4350 490 4404 quaeso,
518 4353 598 4406 quam
622 4338 681 4403 apte
707 4333 766 4391 οὐδὲ
791 4351 853 4390 cum
878 4335 1012 4404 prioribus
1030 4334 1220 4404 coniungatur:
1250 4339 1317 4393 1024
1337 4331 1385 4388 oia
1404 4364 1436 4372 —

244 4415 312 4492 οὐδέ,
331 4424 397 4482 1025
417 4417 477 4480 οὐδὲ
498 4453 528 4464 -
549 4419 623 4493 οθδές
642 4427 709 4482 1027
729 4420 813 4478 οὐδενὶ
832 4424 877 4476 cfr.
897 4422 977 4476 ctiam
996 4421 1056 4476 Pac.
1077 4426 1135 4479 751.
