3338 4954
646 244 862 307 „31-

155 433 194 495 de
209 431 376 496 incubone
391 435 628 517 interpretatur)
653 440 684 498 et
700 434 855 502 Oratetem
871 419 1168 499 Lamiam‘fabulam
1187 425 1357 520 scripsisse

154 546 187 606 in
219 547 402 610 memoriam
433 546 525 609 nobis
556 549 822 612 revocaverimus.
870 546 937 610 Neo
966 547 1088 612 nullius
1117 551 1269 613 momenti
1294 556 1351 632 est,

155 658 300 740 Anagyri
332 679 449 723 nomen
480 661 565 744 apud
590 662 712 725 Atticos
742 663 777 722 in
807 659 1051 743 proverbium*)
1082 660 1121 725 de
1149 663 1189 724 iis
1220 663 1352 744 dictum,
1420 652 1423 664 '

157 772 213 852 qui
236 772 275 834 ad
299 773 401 836 herois
426 775 589 837 tumulum
613 775 711 856 impie
734 775 936 854 accesserint,
966 761 1075 858 postea
1098 774 1231 853 abiisse;
1266 776 1351 858 qnod

153 885 336 975 comoediae
360 865 526 970 splendore
549 887 683 950 fortasse
707 886 854 950 effectum
879 894 933 950 est.

260 992 557 1084 Aristophanis
582 1001 873 1083 Amphiaraum
905 998 951 1063 Ol.
976 1001 1029 1081 91,
1052 1001 1072 1063 2
1097 999 1186 1080 (414)
1218 998 1352 1064 Lenaeis

155 1129 211 1193 per
226 1110 428 1176 Philonidem
453 1116 554 1175 actam
580 1131 649 1176 esse
672 1131 713 1176 ex
731 1114 850 1176 Avium
874 1113 1085 1196 hypotheseos
1101 1113 1121 1177 2
1137 1111 1202 1176 fine
1218 1118 1352 1195 constat,

155 1225 299 1288 ciusdem
318 1227 427 1289 Aves
450 1245 507 1309 per
523 1224 738 1288 Callistratum
762 1225 849 1289 illius
873 1228 950 1289 anni
965 1224 1131 1305 Dionysiis
1153 1227 1186 1288 in
1204 1243 1351 1289 scaenam

156 1337 273 1418 prodiit
304 1339 465 1420 simulque
496 1357 569 1400 cnm
599 1338 657 1400 hac
680 1337 787 1401 fabula
812 1339 1022 1422 Amipsiae
1046 1337 1352 1421 Comissatores,

156 1451 213 1531 qui
246 1452 379 1534 primus,
410 1456 441 1514 et
471 1449 699 1531 Phrynichi
723 1450 1001 1534 MonotropUS,
1033 1453 1090 1534 qui
1119 1450 1252 1515 ultimus
1282 1451 1352 1532 fait,

155 1562 209 1624 cfr.
230 1564 349 1627 Avium
374 1564 502 1646 hypoth.
521 1545 553 1625 i.

260 1673 308 1739 De
330 1677 476 1759 Amipsia
505 1675 559 1738 illo
590 1676 643 1739 cf.
669 1675 710 1738 M.
736 1676 762 1756 Ι,
787 1677 968 1758 199-841,
992 1675 1034 1757 ΙΙ,
1059 1677 1118 1741 701
1146 1694 1230 1758 seq.;
1262 1675 1301 1738 K.
1325 1676 1351 1757 Ι,

155 1788 220 1850 dtu
245 1808 310 1871 seq.
336 1789 415 1851 nihil
450 1788 539 1851 aliud
574 1788 682 1852 afferre
717 1808 858 1871 possum.
910 1788 1025 1872 Neque
1054 1787 1177 1851 Muhlio
1202 1825 1239 1834 -
1267 1788 1353 1871 quod

156 1902 278 1963 nemini
308 1901 477 1983 hucusque
505 1898 619 1983 obtigit
648 1902 716 1963 viro
748 1900 839 1964 docto
873 1937 911 1946 -
945 1901 1064 1964 novum
1089 1900 1211 1984 aliquid
1242 1919 1353 1964 eruere

155 2013 258 2094 licuit,
295 2015 442 2096 quamvis
465 2012 767 2096 Apocottabizontes
796 2012 991 2076 comoediam
1015 2018 1071 2076 aut
1094 2011 1142 2076 Ol.
1167 2011 1208 2075 89
1232 2015 1288 2075 aut
1309 2012 1352 2076 90

91 2161 95 2170 -
158 2130 257 2188 actam
282 2145 351 2189 esse
371 2125 548 2189 contendat.
597 2125 660 2202 Qui
673 2125 832 2209 Aristoph.
848 2125 943 2208 Vesp.
957 2145 985 2188 r.
999 2126 1041 2190 45
1058 2125 1169 2188 collato
1185 2123 1351 2210 κλιβανίτην

160 2229 241 2320 ἄρτον
278 2257 334 2320 pro
372 2228 537 2324 κριβανίτην
578 2238 705 2301 nullum
750 2240 812 2301 nisi
851 2237 1051 2304 Alcibiadem
1097 2237 1201 2300 solum
1247 2237 1353 2302 dicere

157 2351 308 2431 potuisse,
335 2371 397 2434 pag
431 2352 492 2415 109
515 2350 615 2414 libelli
639 2353 690 2414 sui
714 2350 807 2414 nubis
829 2351 1020 2435 persuadere
1043 2350 1121 2414 vult.
1168 2349 1230 2414 Sed
1255 2371 1351 2435 quam

160 2481 239 2526 vana
262 2469 358 2545 atque
382 2465 489 2548 inepta
511 2465 588 2528 haec
611 2466 794 2529 coniectura
817 2467 869 2546 sit,
892 2464 985 2527 illum
1000 2465 1108 2548 ipsum
1124 2483 1189 2527 non
1205 2464 1350 2548 fugisset,

156 2575 183 2636 si
198 2575 353 2638 Athenaei
375 2576 481 2640 locum
497 2576 557 2658 ΙΙΙ,
576 2577 667 2639 1100
690 2578 835 2641 evolvere
858 2597 895 2640 ac
910 2577 1069 2661 perlegere
1086 2577 1351 2661 operaepretium

157 2687 328 2752 habuisset.
375 2688 423 2750 En
448 2688 546 2752 habes
569 2709 660 2753 eum:
693 2689 767 2756 Οἶδα
791 2689 829 2767 δ’,
854 2685 955 2774 ἄνδρες
978 2686 1066 2774 φίλοι,
1090 2686 1134 2753 ὅτι
1154 2686 1274 2755 Ἀττικοὶ
1299 2687 1351 2774 μὲν

156 2799 204 2862 διὰ
236 2805 287 2863 τοῦ
318 2803 333 2886 p
363 2799 507 2886 στοιχείου
538 2801 654 2886 λέγουσι
682 2800 732 2866 καὶ
762 2800 896 2888 κρίβανον
925 2799 975 2864 καὶ
997 2799 1170 2888 κριβανίτην,
1190 2800 1351 2888 Ἡρόδοτος

156 2910 183 2974 b'
216 2915 245 2976 ἐν
280 2912 401 2999 δευτέρα
430 2919 484 2976 τῶν
515 2914 644 3000 ἱστοριῶν
674 2916 784 2996 (verba
814 2919 942 2980 exstant
963 2915 1006 2978 92
1029 2917 1142 2999 capitis
1171 2915 1247 2996 line)
1279 2913 1352 3001 ἔφη·

157 3023 297 3111 Κλιβάνῳ
320 3027 468 3112 διαφανεῖ·
491 3025 539 3090 καὶ
563 3025 724 3114 ὁΣιίνρρων
746 3026 774 3091 δ’
802 3027 872 3112 ἔφη·
896 3024 963 3106 ,Τίς
985 3025 1128 3100 σταιτίτας
1150 3023 1351 3113 ἢκλιβανίτας

154 3133 175 3220 i}
198 3136 338 3224 ἡμιάρτια
362 3139 497 3219 πέσσει“;
521 3139 575 3202 cfr.
592 3146 752 3223 praeterea
768 3140 940 3221 Phrynich.
960 3141 1021 3206 179
1039 3141 1077 3203 al.
1094 3143 1166 3221 loc,
1190 3159 1206 3203 e
1231 3138 1351 3223 quibus

155 3248 321 3335 κλιβανίτην
344 3252 475 3315 formam
501 3255 648 3336 quamvis
672 3255 831 3335 usitatam,
860 3258 965 3318 tamen
990 3259 1026 3317 ut
1049 3255 1157 3316 minus
1182 3254 1353 3316 atticuma

155 3367 371 3445 grammaticis
394 3383 458 3428 non
482 3363 646 3447 probatam
671 3384 740 3430 esse
763 3366 874 3429 elucet.

260 3475 356 3540 Nunc
394 3496 447 3540 eas
483 3477 607 3541 fabulas
641 3482 830 3559 tractemus,
869 3499 948 3562 quas
983 3478 1141 3543 nonnulla
1175 3496 1250 3540 cum
1284 3479 1352 3540 veri

156 3589 368 3653 similitudine
393 3589 440 3652 Ol.
466 3590 592 3655 89--91
618 3590 787 3654 adscribas.

263 3701 454 3766 Platonis
483 3703 652 3784 Satyros
674 3709 802 3788 propter
823 3705 1050 3784 Philoxenum,
1067 3703 1130 3765 vid.
1155 3701 1198 3764 M.
1222 3699 1266 3784 ΙΙ,
1288 3702 1352 3766 598

155 3813 224 3878 103
250 3813 301 3895 (Κ.
323 3815 349 3896 Ι,
373 3816 437 3879 389
460 3816 496 3876 fr.
512 3816 579 3897 47),
604 3815 651 3878 Ol.
671 3816 711 3880 89
736 3822 792 3880 aut
814 3818 856 3883 90
880 3817 953 3880 dare
976 3834 1149 3898 possumus
1172 3814 1236 3878 vid.
1253 3816 1351 3878 Arist.

261 4049 286 4116 *l
306 4049 391 4102 Locos
415 4048 464 4101 hos
489 4063 580 4100 omnes
602 4048 723 4100 accurate
742 4047 889 4115 exscripsit
905 4045 1025 4100 Hillerus
1044 4046 1154 4100 Hieron.
1173 4045 1258 4100 Rhod.
1276 4046 1352 4099 Peri·

156 4135 255 4202 pathet.
268 4137 369 4203 fragm,
389 4136 528 4187 comment.
542 4136 678 4186 exsatura
696 4133 787 4200 philol.
801 4132 835 4186 H.
849 4132 965 4200 Sauppio
984 4133 1070 4187 oblata
1088 4149 1210 4188 seorsum
1227 4149 1354 4201 expressa

157 4226 226 4277 1879
254 4238 311 4288 pag.
332 4227 379 4286 123
407 4221 453 4273 cfr.
478 4219 578 4273 Milleri
604 4221 723 4273 Athoum
750 4222 777 4272 et
803 4219 926 4273 Laurent.
952 4236 993 4287 ap.
1011 4219 1170 4273 Fresenium
1198 4221 1231 4272 de
1258 4220 1352 4280 λέξεων

157 4307 293 4374 Aristoph.
318 4311 345 4360 ot
363 4307 516 4360 Suetoniun.
535 4305 600 4374 Byz.
620 4321 678 4359 exc.
698 4311 765 4364 1875
790 4323 847 4374 pag.
865 4310 908 4362 44.
