3338 4954
694 275 958 338 -19-.

178 464 351 543 iacturam,
394 469 559 545 propterea
598 466 631 525 ni
667 465 758 527 fallor
794 457 909 528 factam
948 468 1033 550 quod
1072 469 1141 530 eius
1180 469 1376 552 temporibus

179 573 378 654 Mycalessus
408 596 471 638 non
500 576 719 654 ,incolebatnm
755 581 785 639 ct
813 578 926 641 falsam
958 579 1099 660 quidem,
1136 582 1289 662 quoniam
1321 581 1377 644 ali·

181 692 338 769 quantum
377 688 629 768 Mycalessorum
674 691 799 752 tantum
838 695 970 754 mortem
1009 693 1200 774 oppetirisse
1239 697 1302 774 (τῶν
1344 693 1376 757 a

179 796 397 882 Μυκαλησσίων
441 802 536 886 μέρος
571 827 597 864 τι
640 800 838 885 ἀπαναλώθη)
881 802 995 866 diserte
1038 805 1133 867 tradit
1173 803 1377 886 Thucydides

180 932 246 995 cap.
271 913 325 994 30,
348 915 378 976 3.
426 914 513 977 Hinc
547 915 677 978 alteram
712 935 841 998 quoque
875 934 942 978 rem
978 916 1152 980 diiudicare
1186 938 1375 1000 possumus;
1443 896 1445 906 ¹

181 1044 266 1088 mors
291 1028 375 1088 enirn
395 1025 581 1111 Diitrephis,
606 1029 661 1110 qui
685 1028 770 1110 apud
786 1025 1001 1108 Mycalessurn
1027 1029 1091 1091 vita
1115 1029 1285 1094 defunctus
1309 1051 1378 1095 esse

181 1138 307 1218 dieitur,
331 1139 411 1201 nihil
435 1145 482 1203 est
505 1142 568 1203 nisi
591 1140 774 1202 futilissima
789 1139 968 1203 Pausaniae
991 1142 1132 1223 suspicio
1156 1144 1243 1205 omni
1258 1144 1376 1206 funda-

180 1257 288 1314 mento
320 1271 440 1314 carens.
489 1247 605 1336 Atque'
627 1255 660 1314 in
691 1251 901 1335 sequentibus
930 1253 978 1314 illi
1007 1255 1070 1336 ipsi
1100 1256 1218 1318 mirum
1241 1256 1377 1337 videtur,

180 1365 251 1426 eius
289 1365 497 1427 simulacrum
536 1367 658 1448 sagittis
702 1384 890 1447 percussum
928 1367 1105 1446 exstitisse,
1151 1385 1225 1430 cum
1264 1367 1377 1432 Graeci

180 1475 386 1540 Cretensibus
421 1481 562 1560 exceptis
597 1478 719 1541 acubus
754 1497 818 1540 non
855 1485 1028 1543 uterentur.
1062 1515 1103 1522 —-
1135 1476 1182 1542 De
1212 1478 1377 1544 Feriarum

70 1618 71 1621 ¹
181 1593 369 1672 argumento
404 1596 435 1653 et
461 1590 641 1654 ltleinelrius
672 1589 698 1671 Ι,
724 1592 786 1654 170
821 1596 851 1654 01
881 1591 1039 1674 Berglrius
1071 1609 1183 1652 comm.
1210 1591 1273 1656 132
1302 1612 1377 1655 con-

182 1703 319 1765 iecturas
347 1703 559 1784 protulerunt,
592 1724 671 1786 quas
699 1705 796 1766 nimis
825 1706 963 1767 incertas
993 1724 1062 1768 esse
1091 1701 1234 1766 Koclrius
1263 1704 1289 1786 Ι,
1313 1705 1376 1771 607

181 1821 266 1878 recte
288 1815 419 1878 iudicat.

284 1927 528 2011 Eupolidem
573 1930 606 1989 in
644 1926 896 2010 Prospaltiis
941 1947 1061 2010 pagum
1103 1927 1194 1990 illum
1234 1930 1376 2011 atticum,

181 2043 286 2104 litium
311 2042 568 2124 cupidissimum,
598 2041 660 2119 (vel
685 2041 743 2102 hoc
766 2039 826 2103 sub
857 2033 986 2102 nomine
1008 2040 1140 2103 fortasse
1163 2042 1376 2106 Athenienses

180 2155 300 2237 ipsosP)
325 2154 477 2235 cavillari,
501 2173 517 2216 e
540 2153 641 2216 Suida
664 2173 686 2215 s.
712 2156 943 2238 1.·1ρυαχαρνεῦ
968 2152 1022 2214 cfr.
1040 2151 1146 2232 Etym.
1166 2153 1206 2216 Μ.
1226 2174 1297 2236 pag.
1311 2155 1375 2220 288

181 2267 361 2331 Meinelrius
385 2268 413 2328 h.
440 2286 481 2328 cr.
502 2286 571 2349 pag.
591 2265 719 2328 141—2
742 2271 827 2328 recle
851 2267 971 2347 statuit,
994 2266 1056 2327 vid.
1079 2267 1174 2328 etiam
1196 2264 1235 2328 K.
1252 2265 1279 2347 Ι,
1302 2267 1374 2330 323.

181 2379 272 2456 Quod
296 2381 335 2442 ad
358 2384 485 2462 tempus
509 2380 654 2462 pertinet,
684 2398 747 2460 quo
778 2386 849 2441 acta
879 2380 920 2442 sit
943 2380 1018 2441 haec
1042 2377 1162 2460 fabula,
1194 2377 1374 2472 ileinekius

180 2494 292 2557 eodem
323 2493 392 2556 loco
422 2511 523 2555 errore
555 2492 658 2574 decipi
688 2509 721 2553 se
752 2511 867 2573 passus
898 2497 960 2572 est,
998 2511 1070 2554 cum
1103 2495 1175 2554 ante
1208 2489 1255 2554 Ol.
1280 2491 1373 2571 89,1

180 2606 373 2688 Prospaltios
411 2606 444 2666 in
483 2624 630 2667 scaenam
665 2603 853 2686 productam
888 2623 956 2666 esse
990 2623 1031 2667 ex
1067 2603 1162 2666 Arist.
1194 2601 1278 2666 uuo.
1310 2606 1373 2668 523

181 2722 290 2800 <immo
324 2718 386 2782 541
424 2718 503 2798 seq.)
542 2717 708 2779 coniceret.
760 2715 849 2796 Nam
881 2736 946 2779 non
983 2718 1118 2798 primam
1156 2713 1281 2798 Nubes,
1320 2717 1375 2780 sed

180 2833 307 2896 alteram
338 2830 378 2892 ad
407 2835 549 2911 tempora
578 2834 686 2891 nostra
709 2831 904 2911 pervenisse,
934 2849 975 2892 ex
1007 2830 1076 2911 ipsa
1105 2827 1214 2890 fabula
1242 2834 1375 2910 constat,

180 2943 322 3008 011523
358 2941 516 3024 ἀναγεῦσαι
551 2946 581 3003 01
614 2943 784 3023 praecipue
818 2941 985 3024 Eupolidis
1020 2922 1203 3003 Maricantis
1238 2959 1375 3004 comme-

182 3059 389 3125 morationem
412 3075 441 3115 v.
462 3055 527 3118 553
552 3052 599 3116 Ol.
614 3054 702 3135 89,3
726 3060 810 3117 certe
833 3059 920 3118 actae
945 3054 1021 3134 (vid.
1046 3054 1140 3116 etiam
1162 3052 1291 3134 hypoth.
1306 3052 1374 3132 VI).

180 3169 312 3234 Nesmet
351 3167 482 3250 quidem
519 3167 607 3228 hunc
642 3165 763 3246 locum,
804 3168 860 3248 qni
895 3171 1067 3249 antequam
1102 3163 1307 3247 Hyperbolus
1341 3165 1375 3227 in

182 3282 316 3345 exilium
340 3281 494 3343 eiceretur
518 3279 586 3341 sine
611 3277 708 3340 dubio
733 3280 870 3360 scriptus
893 3285 950 3360 est,
974 3278 1027 3340 cfr.
1053 3279 1147 3340 etiam
1170 3297 1198 3340 r.
1222 3276 1285 3339 623
1310 3295 1374 3358 seq.

181 3396 308 3457 —fuit
339 3398 444 3456 autem
469 3393 674 3454 ostracismus
697 3390 750 3453 ille
774 3410 857 3453 anno
880 3392 944 3458 418
968 3390 1019 3453 vel
1042 3389 1117 3470 417,
1140 3387 1195 3451 cfr.
1222 3387 1374 3452 Cobetum

182 3508 247 3572 obs.
273 3508 339 3570 crit.
364 3526 434 3589 pag.
464 3505 536 3586 144,
559 3503 750 3586 Muellerum
773 3502 935 3586 Strrrbing.
953 3501 1113 3584 Aristoph.
1138 3505 1195 3564 ete.
1220 3502 1285 3566 410
1309 3522 1374 3585 seq.

181 3628 211 3684 et
249 3619 427 3683 Gilbertnm
465 3617 612 3699 Beitrage
658 3636 716 3679 nur
759 3617 875 3678 innern
914 3614 1101 3678 Geschichte
1139 3614 1278 3690 Athens
1300 3635 1372 3699 pag.

181 3733 241 3797 231
279 3752 343 3814 seq.
379 3768 421 3776 -
457 3729 656 3811 Olympiadis
690 3729 733 3792 90
775 3748 858 3791 anno
894 3726 1035 3792 secundo
1073 3726 1123 3789 vel
1162 3727 1247 3789 tertii
1284 3728 1376 3790 initio

180 3845 319 3908 tribuere
359 3862 540 3926 possumus.
598 3841 712 3922 ltaque
745 3839 956 3922 Prospaltios,
997 3859 1093 3922 quam
1126 3837 1277 3902 Nubibus
1311 3839 1373 3902 541

181 3958 349 4020 scholiasta
384 3961 462 4018 teste
485 3954 716 4037 Aristophanes
751 3958 782 4015 et
812 3953 856 4016 ita
887 3952 1017 4036 quidem
1047 3951 1181 4033 deridet,
1216 3957 1253 4014 ut
1287 3951 1375 4014 brevi

181 4075 253 4132 ante
287 4070 321 4131 in
357 4087 504 4130 scaenam
540 4066 695 4150 prodiisse
729 4084 765 4128 ea
795 4064 904 4128 fabula
934 4064 1089 4145 videatur,
1127 4062 1174 4125 Ol.
1199 4063 1293 4144 90,1
1326 4065 1377 4146 agi

181 4183 323 4264 potuisse
353 4181 431 4242 milri
462 4199 527 4242 non
551 4181 674 4240 invitus
698 4180 811 4260 opinor
837 4176 1002 4257 concedes
1034 4177 1219 4259 praesertim
1250 4194 1324 4237 cnm
1347 4180 1378 4236 et

181 4294 404 4357 antecedentes
428 4294 503 4354 anni
528 4291 701 4354 Maricante
726 4291 884 4369 Autolyco
907 4290 923 4352 Ι
947 4290 1118 4352 comoediis
1141 4290 1205 4351 iam
1228 4287 1376 4369 occupati

181 4407 262 4488 sint,
298 4404 500 4487 subsequens
532 4403 571 4466 ab
603 4403 665 4465 alia
696 4422 773 4465 mox
802 4408 983 4485 occupetur.
1019 4437 1061 4447 -
1095 4398 1189 4475 Quod
1219 4397 1377 4481 Bergkius

1171 4517 1202 4574 2*
