3338 4954
765 296 978 360 -26-

275 484 487 546 coniecturam
525 484 633 546 minus
670 485 822 547 incertam
859 485 1028 568 periclitari
1067 487 1180 549 ausim.
1240 486 1342 561 Qriem
1380 488 1482 550 enim

275 601 428 658 secuntur
449 595 519 658 illi?
565 593 738 660 Miltiadem
762 597 788 658 si
812 596 890 678 quid
905 579 1031 677 iudico,
1061 616 1135 660 nam
1167 597 1225 660 hoc
1253 599 1482 680 fragmentum

275 726 339 770 non
362 707 473 791 procul
496 711 568 770 ante
590 705 700 790 fragm.
725 709 745 771 2
770 707 819 788 (Κ.
844 708 911 784 9Ο);

482 815 525 884 Οὐ
549 817 604 904 γὰρ
627 819 667 903 pol
691 819 742 903 τήν
766 819 929 905 Μαραθῶνι
952 819 1003 903 τὴν
1027 819 1098 905 ἐμὴν
1122 818 1222 905 μάχην

481 927 593 1017 χαίρων
616 955 657 1003 τις
681 929 775 995 αὐτῶν
796 930 902 1016 τούμὸν
925 930 1049 1016 ἀλρυνεῖ
1070 932 1141 1016 κέαρ
1167 969 1207 978 —

276 1043 383 1106 locum
405 1061 499 1106 suum
525 1042 674 1107 habuisse
697 1052 839 1127 apparet;
864 1069 904 1116 τις
929 1043 1020 1109 αὐτῶν
1037 1065 1110 1128 ergo
1126 1044 1335 1129 Laespodiam
1351 1045 1480 1108 Darna-

274 1155 419 1237 siamque
442 1160 595 1238 spectant,
626 1175 762 1238 quorum
785 1176 934 1240 personas
957 1156 1091 1240 Eupolis
1113 1160 1147 1220 in
1171 1177 1285 1221 scaena
1308 1157 1474 1221 exhibuit.

273 1265 371 1330 Porro
405 1267 596 1332 concluserit
626 1269 795 1351 quispiam,
825 1269 881 1332 hos
913 1289 1041 1352 quoque
1075 1275 1109 1332 ut
1140 1266 1280 1354 perprimo
1311 1267 1477 1354 κινούμενα

273 1384 397 1462 poetam
413 1384 549 1462 notasse,
565 1381 673 1463 itaque
688 1399 741 1443 eos
758 1400 832 1443 cnm
843 1381 1008 1446 Alcibiade
1024 1384 1179 1445 exercitui
1191 1381 1366 1465 praefectos
1379 1401 1474 1460 esse3

264 1475 339 1574 ¹qua
362 1493 543 1555 coniectura
566 1491 659 1555 ἕλκειν
683 1494 753 1555 voci
770 1492 830 1555 alia
846 1513 993 1576 novaque
1011 1495 1167 1576 quaedam
1183 1494 1242 1556 lux
1258 1493 1361 1556 afferri
1378 1494 1473 1557 vide—

276 1610 336 1666 tur.
351 1602 557 1668 -Postremo
575 1605 613 1668 de
628 1604 789 1688 Pagorum
806 1605 938 1670 consilio
955 1611 1050 1688 atque
1064 1607 1194 1688 iugenio
1210 1605 1370 1690 prioribus
1386 1625 1471 1668 nou-

275 1715 364 1778 nulla
395 1715 517 1779 addam.
563 1715 688 1780 Niciam
711 1717 1014 1800 Myrouidemque*l
1037 1718 1226 1802 Eupolidem
1257 1719 1291 1779 in
1323 1717 1469 1780 fabulam

274 1827 444 1890 induxisse
474 1847 491 1891 e
520 1829 707 1912 fragmentis
729 1830 750 1892 4
774 1829 824 1911 (Κ.
845 1831 902 1911 91)
926 1836 957 1894 et
979 1830 998 1892 9
1024 1829 1074 1910 (K.
1099 1829 1153 1909 98)
1179 1829 1384 1893 statuendum
1408 1837 1471 1909 est,

275 1939 329 2002 cfr.
353 1938 463 2022 fragm.
489 1943 507 2004 7
533 1940 599 2021 (96)
631 1946 662 2004 et
693 1942 798 2004 adnot.
821 1944 912 2024 prim.
947 1963 1019 2026 pag.
1043 1941 1102 2023 25,
1137 1944 1181 2004 ita
1214 1946 1250 2004 ut
1283 1943 1323 2004 iis
1357 1949 1466 2025 partes

273 2052 513 2118 honestissimas
535 2053 697 2117 tribueret.
744 2055 852 2137 Atque
874 2056 1040 2119 haecnon
1061 2056 1130 2118 sine
1146 2057 1251 2117 causis
1267 2055 1468 2137 gravissimis

273 2163 363 2242 fecit;
399 2185 472 2228 nam
508 2185 588 2248 qnos
621 2168 706 2229 viros
740 2168 875 2249 aptiores
906 2168 987 2229 hanc
1017 2167 1057 2229 ad
1088 2186 1154 2230 rem
1186 2166 1334 2246 habebis,
1370 2185 1469 2248 qnam

274 2275 398 2340 Niciam
421 2281 451 2340 et
474 2276 683 2360 Myronidem,
708 2299 844 2361 quorum
868 2279 920 2344 ille
935 2279 1091 2342 Thebanis
1104 2279 1150 2360 **)
1174 2279 1259 2362 apud
1276 2277 1468 2360 Oenophyta

273 2387 354 2452 fusis
377 2391 512 2454 summis
534 2391 567 2453 in
591 2390 743 2454 laudibus
767 2397 842 2473 erat,
865 2391 942 2455 alter
965 2390 1012 2454 Ol.
1038 2391 1090 2472 89,
1113 2392 1134 2453 4
1156 2391 1280 2454 foedere
1305 2391 1468 2474 quinqua-

173 2637 175 2644 *
275 2628 350 2666 crura
369 2611 452 2680 igitur
469 2610 577 2666 illorum
595 2613 672 2680 quasi
690 2614 802 2668 comites
821 2613 1026 2682 pronuntiantur
1043 2613 1102 2667 ioco
1120 2613 1251 2682 Eupolide
1275 2630 1328 2668 non
1346 2612 1466 2681 indigno,

276 2713 343 2766 quae
371 2697 441 2752 mala
468 2699 528 2766 post
554 2714 582 2752 se
606 2700 709 2754 trahere
732 2701 786 2754 viri
810 2701 885 2755 irrisi
909 2702 1043 2768 cogantur.
1080 2699 1241 2768 Laespodiae
1265 2699 1383 2754 nominis
1406 2701 1467 2766 ety-

274 2783 389 2851 mologia
415 2785 480 2838 haec
504 2785 591 2853 quoad
617 2785 674 2840 fieri
702 2789 790 2856 potest
812 2789 887 2841 firma
905 2788 1000 2841 reddit.
1037 2787 1190 2840 Demetrius
1207 2786 1286 2841 Ixion
1305 2787 1362 2856 (cfr.
1382 2786 1466 2840 schol.

274 2874 325 2924 Av.
337 2871 416 2940 1569)
435 2871 552 2940 quidem,
571 2888 634 2925 cum
651 2874 679 2926 in
697 2873 859 2929 lectionibus
872 2874 972 2927 Atticis
988 2873 1129 2927 scriberet:
1149 2875 1299 2934 λαισποὸίας
1318 2871 1331 2928 ὁ
1351 2871 1469 2951 ἀνρατὴς

275 2959 333 3032 περὶ
350 2955 383 3012 τὰ
402 2954 545 3032 ἀφροδίσια,
570 2954 634 3014 ὥστε
657 2962 701 3014 καὶ
725 2959 809 3034 κτήνη
829 2963 938 3026 σποδεῖν,
964 2961 1004 3014 sic
1022 2960 1143 3015 diremit:
1169 2958 1368 3024 ilat—euodius,
1394 2961 1467 3028 quod

275 3043 329 3097 sibi
363 3043 486 3098 habeat.¹
515 3043 591 3098 Certe
626 3046 665 3099 ita
700 3048 875 3115 separandum
911 3050 965 3114 est3
1006 3046 1211 3111 Λαισ-ποὸίας,
1253 3046 1309 3099 vid.
1345 3045 1467 3114 Hesych.

275 3129 468 3206 λαισ-ιιαπρός
494 3133 521 3185 et
547 3133 700 3194 λαίσ-παις
724 3159 758 3178 --
783 3132 899 3206 βούπαις,
926 3136 1059 3203 praeterea
1085 3133 1199 3200 Theogn.
1218 3139 1243 3199 9,
1261 3137 1303 3200 22,
1332 3133 1379 3200 qui
1403 3130 1467 3186 Λαι-

275 3217 365 3278 παδίας
392 3234 498 3288 quoque
524 3219 635 3272 formam
660 3220 753 3286 habet3
785 3222 831 3275 cfr.
858 3225 997 3296 λαί-λαψ,
1026 3222 1208 3294 λαί-ραρρος,
1234 3217 1403 3290 lma—paleam
1431 3218 1465 3270 al.

274 3302 422 3358 Vemacule
452 3321 513 3373 ergo
543 3305 703 3360 vocabulum
731 3307 800 3360 illud
829 3310 983 3362 transferas:
1019 3306 1192 3374 Klumpfuss,
1226 3321 1342 3374 quocum
1373 3321 1466 3359 omnes
1522 3329 1523 3332 ¹

205 3393 208 3400 '
276 3390 438 3445 comicorum
461 3391 514 3446 loci
539 3393 637 3460 optime
661 3397 833 3448 conveniunt.
869 3393 1024 3463 Hesychius
1049 3411 1070 3447 s.
1090 3410 1115 3446 ν.
1135 3391 1292 3452 Λαισποδίας
1316 3392 1347 3444 de
1373 3394 1466 3466 δρεπα-

275 3475 365 3531 νώὸεσι
382 3480 442 3532 ποσί
459 3479 531 3532 haud
549 3481 609 3548 apte
627 3480 774 3535 fabulantes
792 3482 882 3535 adfert.

380 3563 406 3633 Τ)
424 3564 500 3619 Euat
516 3565 648 3635 Bergkius
666 3584 760 3622 comm.
779 3574 840 3636 348,
865 3570 912 3637 qui
931 3569 958 3622 et
976 3567 1144 3636 Myronidem
1163 3584 1197 3620 ex
1215 3566 1307 3619 inferis
1324 3566 1466 3618 evocatum

276 3670 335 3707 esee
358 3654 448 3720 putat;
476 3671 536 3707 narn
553 3653 722 3723 Myronidem
750 3657 873 3724 quamvis
898 3656 1076 3724 grandaevum
1100 3657 1158 3706 tum
1181 3653 1267 3706 adhuc
1293 3650 1466 3719 superstitem

276 3738 361 3792 fuisse
385 3754 399 3790 c
423 3739 493 3793 Plut.
512 3739 608 3796 Pericl.
627 3748 661 3800 24
686 3742 731 3811 (Μ.
751 3745 781 3796 fr.
801 3749 834 3800 24
852 3743 885 3795 K.
905 3743 949 3812 98)
974 3740 1051 3795 facile
1075 3739 1252 3808 concluditur,
1275 3738 1323 3791 ubi
1348 3737 1466 3790 Pericles

276 3825 308 3878 ab
326 3824 373 3878 illo
391 3827 417 3878 et
435 3829 542 3894 propter
559 3829 741 3884 fortitudinem
765 3834 792 3885 et
809 3832 842 3884 ob
860 3846 964 3884 morum
983 3828 1154 3882 severitatem
1173 3843 1276 3894 semper
1294 3823 1464 3879 celeberrimo

277 3913 334 3983 (ofin
361 3913 444 3966 Arist.
470 3913 584 3983 Lysistr.
612 3921 661 3975 801
694 3921 721 3972 et
749 3917 821 3972 Mccl.
845 3918 909 3982 303)
937 3916 1033 3970 certior
1058 3915 1102 3981 fit,
1134 3915 1188 3967 iam
1215 3914 1317 3966 dudum
1343 3913 1464 3964 futurum

277 4000 370 4068 fuisse,
398 4002 427 4053 nt
450 4001 563 4056 Periclis
589 4004 662 4058 fflius
687 4007 728 4059 vir
753 4006 841 4072 lieret,
869 4004 922 4058 nisi
949 4004 978 4056 id
1005 4003 1104 4070 ipsum,
1135 4002 1205 4069 quod
1232 4019 1247 4053 a
1274 3999 1412 4053 meretrice
1436 4013 1465 4052 se

277 4089 370 4142 natum
382 4103 440 4142 esse
453 4089 542 4158 sciret,
566 4091 685 4144 animum
706 4092 766 4146 oius
785 4091 952 4160 deprimeret.
989 4089 1034 4142 Sic
1058 4088 1211 4142 enimcum
1229 4086 1362 4141 Meinekio
1383 4084 1466 4137 huius

277 4175 428 4244 fragmenti
445 4182 505 4232 v.2
532 4176 657 4245 intellego
684 4178 870 4247 Kockiumque
897 4194 949 4231 non
976 4176 1063 4229 laudo.
1100 4175 1230 4243 Efragm.
1252 4181 1264 4232 1
1283 4173 1319 4225 M.
1339 4172 1383 4242 (Κ.
1404 4171 1466 4236 116)

278 4278 341 4315 vero
359 4261 429 4316 nihil
447 4262 540 4316 elicies
559 4263 603 4316 cfr.
623 4269 710 4320 annot.
729 4271 745 4322 2
763 4283 821 4334 pag.
841 4269 883 4333 39,
902 4265 953 4318 hoc
971 4263 1039 4317 addo
1057 4265 1164 4330 propter
1181 4262 1213 4315 Κ.
1233 4278 1290 4330 pag.
1310 4266 1369 4318 279.
1516 4297 1520 4304 ·

382 4347 421 4415 **)
449 4348 520 4414 Quid
549 4349 750 4406 lacedaemonii
780 4353 826 4405 hic
853 4351 906 4405 sibi
934 4350 1019 4404 velint
1045 4365 1085 4416 ap.
1111 4350 1147 4402 M.
1165 4349 1200 4416 H,
1220 4353 1270 4406 462
1295 4350 1321 4401 et
1344 4345 1410 4398 K.l
1433 4347 1467 4399 ad

278 4440 369 4506 fragm.
387 4441 429 4505 98,
448 4437 572 4506 equidem
590 4438 690 4508 nescio,
708 4442 753 4494 cfr.
774 4438 855 4494 Thac.
873 4437 895 4506 I,
916 4443 965 4496 108
985 4435 1042 4506 (IV,
1061 4436 1115 4501 95).
