3338 4954
593 757 594 760 ¹
624 723 887 804 Auctoris
923 724 1037 805 vita.

318 1036 463 1163 ,Natus
507 1101 579 1144 sum
622 1081 779 1145 Ernestus
824 1079 967 1146 Brandes
1010 1103 1037 1146 a.
1079 1081 1116 1144 D.
1149 1080 1206 1144 VI.
1243 1080 1306 1143 Cal.
1349 1078 1422 1174 Mai.

151 1189 153 1196 “
236 1184 454 1250 MDOOOLXI
486 1192 575 1268 patre
608 1183 797 1263 Christiano,
831 1190 930 1248 matre
964 1187 1102 1250 Aemilia
1136 1204 1153 1248 e
1186 1183 1424 1266 Deglowiorum

235 1295 329 1372 gente
359 1289 537 1370 Wentowi,
580 1291 636 1371 qui
674 1288 795 1351 fundus
830 1290 905 1351 olim
943 1296 1094 1372 paternus
1129 1288 1214 1370 apud
1249 1286 1425 1350 Granseam

236 1392 425 1476 oppidulum
459 1395 492 1454 in
528 1412 565 1456 ea
599 1393 718 1456 scilicet
754 1395 938 1474 provinciae
972 1392 1304 1475 Brandenburgiensis
1335 1396 1425 1472 parte

236 1499 316 1560 situs
339 1503 396 1578 est,
426 1516 508 1578 quae
531 1496 570 1559 ad
591 1495 961 1578 Mechleuburgiensium
984 1504 1098 1560 terram
1127 1497 1271 1579 proxime
1294 1494 1423 1558 aceedit.

235 1600 345 1663 Fidem
375 1583 522 1682 profiteor
551 1599 776 1682 evangelicam.
829 1599 946 1664 Primis
976 1601 1074 1664 literis
1097 1600 1237 1663 Berolini
1266 1619 1339 1662 sum
1366 1601 1425 1660 irn-

237 1703 347 1783 but'us,
379 1723 442 1786 quo
470 1710 616 1786 parentes
643 1703 833 1786 paulopost
854 1703 979 1767 fratrem
1003 1725 1054 1766 me
1078 1719 1141 1768 uno
1164 1723 1247 1766 anno
1270 1705 1426 1766 minorem

193 1851 195 1856 -
235 1793 346 1870 natum
363 1826 396 1870 se
409 1807 619 1871 contulerunt.
653 1807 704 1870 Ibi
718 1828 806 1870 nuno
822 1814 895 1871 ante
908 1809 1016 1872 decem
1030 1829 1131 1871 annos
1147 1816 1278 1871 matrem
1294 1809 1423 1890 penitus

236 1910 380 1973 dilectam
409 1917 508 1973 morte
535 1913 631 1973 nimis
662 1918 785 1975 matura
816 1913 896 1975 diem
933 1932 1119 1995 supremum
1154 1911 1285 1992 obiisse,
1320 1910 1424 1974 adhue

234 2015 338 2096 lugeo.
385 2013 479 2077 Pater
501 2035 577 2078 mox
599 2014 772 2078 Luceriam
796 2016 905 2079 urbem
931 2018 1112 2100 emigravit3
1136 2017 1205 2098 ipse
1220 2015 1324 2078 Kiliae
1346 2017 1423 2078 anni

235 2115 521 2181 MDCOCLXXXI
572 2125 744 2182 auctumno
789 2121 978 2182 maturitatis
1028 2121 1247 2184 testimonium
1291 2120 1424 2202 adeptus

235 2219 422 2285 Berolinum
455 2223 542 2302 redii
577 2229 613 2286 ut
643 2211 751 2286 Curtio
780 2224 916 2288 Roberto
939 2211 1087 2287 ‘ducibus
1118 2225 1275 2306 imprimis
1309 2222 1424 2286 studiis

235 2324 477 2408 archaeologiois
506 2327 735 2408 incumberem,
763 2333 924 2410 praeterea
946 2328 1118 2411 Brugschi,
1146 2326 1353 2408 Miillenhoffi‚
1386 2327 1424 2390 de
1520 2375 1523 2381 .

234 2428 418 2511 Treitsohki‚
452 2428 610 2510 Pfleideri,
645 2429 793 2494 Mesmeri
828 2433 943 2495 scholis
976 2433 1115 2496 interfui.
1171 2431 1248 2494 Post
1282 2431 1331 2494 bis
1365 2450 1423 2495 sex

234 2551 359 2595 menses
376 2532 613 2615 Grypiswaldae
636 2534 761 2598 civibus
784 2536 1028 2599 adscribendum
1052 2555 1103 2599 me
1127 2537 1248 2615 curavi,
1271 2535 1328 2598 ubi
1348 2554 1422 2598 oum

235 2636 273 2698 de
284 2634 808 2720 Wilamowitz-Moellendortfium,
831 2639 1070 2722 Kiesslingium,
1083 2640 1260 2722 Voigtium,
1282 2640 1433 2706 Breden-.

234 2741 394 2822 eampium
411 2740 488 2804 ahos
503 2741 622 2822 audivi,
633 2735 703 2804 tum
715 2742 890 2808 Zimmerus
906 2745 1035 2827 linguae
1047 2746 1254 2807 'sanseritioae
1269 2744 1424 2808 elementa

233 2844 391 2926 praeclare
407 2863 458 2907 me
474 2844 590 2907 docuit.
626 2845 699 2909 Uno
716 2866 799 2909 anno
815 2854 950 2929 peracto,
971 2850 1056 2911 alma
1071 2854 1170 2912 mater
1185 2847 1423 2911 Rostoohiensis

235 2967 286 3010 me
298 2948 412 3010 studiis
423 2948 623 3031 philologieis
636 2952 753 3014 severis
767 2971 849 3034 quae
861 2952 1013 3015 dicuntur
1024 2955 1119 3016 enixe
1131 2972 1262 3036 operam·
1275 2952 1423 3015 daturum

235 3050 371 3134 benigne
399 3054 524 3134 excepit
553 3055 682 3135 iamque
710 3056 745 3116 in
773 3057 886 3118 hiemis
917 3057 1036 3137 primae
1065 3058 1156 3119 initio
1179 3055 1242 3120 Leo
1273 3057 1423 3119 seminari

233 3156 416 3238 philologici
444 3156 583 3219 sodalem
613 3157 807 3222 ordinarium
835 3179 886 3222 me
916 3163 1062 3241 quamvis
1092 3161 1262 3244 indignum
1294 3162 1421 3240 creavit,

234 3261 286 3322 cui
315 3261 383 3322 viro
413 3260 497 3323 claro
528 3268 624 3343 atque
654 3265 846 3344 praeceptori
870 3263 1074 3327 dilectissimo
1105 3271 1263 3348 quantum
1292 3265 1422 3330 debeam

233 3367 402 3446 nunquam
432 3364 607 3427 obliviscar.
665 3364 897 3447 Bechsteinius,
929 3387 993 3449 qua
1023 3376 1071 3430 est
1099 3371 1198 3432 animi
1227 3369 1423 3452 benignitate

233 3487 369 3547 summa,
392 3469 505 3531 iisdem
527 3468 724 3552 temporibus
747 3472 898 3533 seminari
920 3474 1095 3554 germanici
1118 3476 1241 3536 socium
1265 3493 1315 3537 me
1337 3475 1420 3554 fecit,

233 3572 286 3634 oui
308 3573 384 3634 item
406 3577 511 3653 grates
533 3574 715 3656 gratiasque
737 3593 830 3656 agere
853 3577 1010 3638 maximas
1033 3577 1092 3637 hoo
1120 3577 1189 3641 loco
1212 3579 1290 3640 mihi
1312 3578 1420 3655 liceat3
1486 3580 1494 3594 '

155 3691 159 3694 ·
232 3693 338 3756 neque
371 3673 548 3756 Koertium,
582 3675 882 3758 Sehirrmacherum,
917 3679 955 3740 de
991 3679 1150 3743 Steinium
1184 3680 1265 3744 bene
1299 3683 1338 3762 de
1370 3701 1423 3746 me
1498 3731 1503 3738 .
1601 3707 1604 3714 ’

233 3779 361 3842 meritos
398 3797 466 3841 esse
505 3800 647 3861 unquam
685 3780 816 3862 negabo.
854 3819 894 3826 ——-
932 3783 1021 3844 Anni
1060 3785 1275 3847 antecedentis
1312 3805 1422 3848 mense

231 3881 407 3945 Decembre
430 3901 563 3946 examen
586 3903 641 3966 pro
664 3883 812 3947 facultate
836 3885 969 3950 docendi
992 3885 1125 3967 absolvi,
1154 3909 1180 3950 a.
1206 3888 1234 3949 d.
1258 3888 1315 3950 IV.
1339 3887 1420 3954 Non.

234 3988 322 4052 Febr.
346 4006 488 4049 summos
510 3989 543 4049 in
567 3987 764 4070 philosophia
787 3991 920 4054 honores
944 4009 1017 4052 cum
1040 3988 1135 4054 laude
1158 3994 1322 4073 capessivi.
