3338 4954
705 211 918 276 ,46-

217 406 327 472 Cobeti
350 405 542 470 sententiam
566 403 780 488 amplectitur,
805 401 918 464 deinde
942 401 980 463 de
998 400 1246 466 Atheniensium
1270 408 1300 467 et
1318 404 1410 486 Argi-

219 540 332 584 vorum
357 519 504 583 societate
528 535 656 600 quoque
681 514 730 578 Ol.
749 515 800 596 90,
816 513 901 576 3—4
922 523 1073 578 renovata
1095 515 1176 578 illud
1198 515 1411 599 fragmentum

221 633 362 716 intellegi
385 650 478 716 posse
494 630 593 711 addit,
616 629 726 692 multis
741 626 880 690 refellere
896 626 1008 690 taedet.
1054 628 1107 690 An
1124 633 1160 690 tu
1182 629 1265 691 hanc
1281 631 1410 692 omnino

218 746 371 809 comicam
400 743 563 808 materiam
595 760 664 804 esse
695 740 830 804 censes?
883 739 1040 822 Equidem
1071 759 1152 824 nego
1182 746 1212 804 et
1244 761 1313 805 meo
1344 744 1412 806 iure

220 859 341 943 opinor.
400 858 551 922 Attamen
582 873 776 937 quamquam
808 871 825 916 e
855 852 946 915 titulo
980 834 1061 916 nihil
1095 854 1289 936 enucleabis,
1321 854 1412 936 Sym-

221 971 380 1034 machiam
404 974 477 1034 ante
491 966 636 1032 Euclidis
652 986 773 1029 annum
790 970 891 1028 aotam
914 964 1014 1028 fuisse
1030 967 1108 1030 mihi
1123 967 1191 1030 veri
1215 967 1411 1030 simillimum

218 1083 357 1165 videtur,
387 1083 414 1146 si
445 1081 576 1166 quidem
607 1078 643 1141 fr.
669 1080 689 1142 2
719 1081 753 1142 in
789 1077 970 1144 comoediae
999 1077 1143 1163 parabasi
1177 1080 1284 1143 locum
1317 1101 1412 1144 suum

221 1195 358 1260 habuit.¹
398 1194 490 1258 Idem
524 1192 680 1257 affirmare
710 1211 883 1275 possumus
913 1191 951 1253 de
981 1190 1206 1276 Platonis*)
1237 1192 1413 1257 Puerulo

218 1308 282 1370 vid.
313 1306 355 1369 M.
380 1306 424 1389 ΙΙ,
456 1307 530 1388 647,
552 1305 589 1368 tr.
615 1306 632 1368 1
664 1303 716 1388 (Κ.
739 1304 765 1385 Ι,
797 1303 871 1385 626,
894 1304 949 1385 92)
985 1308 1016 1366 61
1049 1305 1322 1387 Aristonymi,
1357 1308 1413 1388 qui

221 1421 445 1504 Aristophanis
465 1423 495 1482 61
510 1417 675 1500 Amipsiae
691 1417 832 1500 aequalis
848 1416 909 1480 fuit
931 1416 996 1496 (cfr.
1015 1436 1109 1480 anon.
1126 1418 1165 1481 de
1180 1417 1275 1481 Arist.
1293 1419 1347 1483 vit.
1364 1419 1412 1484 ed.

218 1531 345 1596 Duebn.
362 1553 434 1616 pag.
447 1532 500 1612 27)
524 1529 619 1595 Sole
641 1529 816 1612 frigente
839 1527 892 1610 (M.
910 1528 953 1610 11,
970 1528 1032 1594 698
1055 1528 1164 1612 fragm.
1184 1529 1201 1594 1
1224 1536 1254 1593 et
1269 1531 1306 1610 2,
1331 1529 1414 1612 111,

219 1645 306 1726 668).
344 1644 460 1708 Utrum
484 1642 635 1706 Calliae
655 1640 877 1724 Cyclopum
900 1639 1099 1724 fragm.2M.
1113 1640 1157 1722 Π,
1170 1642 1232 1706 736
1247 1641 1337 1725 (11.1,
1350 1643 1413 1708 691)

218 1756 255 1818 fr.
279 1755 316 1836 5)
350 1776 367 1820 e
399 1754 545 1840 parabasi
578 1755 713 1839 petitum
749 1755 799 1836 sit,
836 1753 955 1817 dubius
988 1755 1110 1817 haereo.
1169 1751 1238 1828 Quo
1273 1760 1413 1839 tempore

218 1868 461 1953 Theopompi
489 1867 571 1930 Pax
602 1865 658 1948 (M.
682 1864 727 1947 ΙΙ,
751 1866 825 1947 794,
855 1865 894 1928 Κ.
920 1865 944 1948 Ι,
968 1864 1044 1948 735)
1075 1871 1105 1929 61
1135 1865 1413 1932 Stratiotides

220 1980 273 2060 (M.
289 1980 334 2064 ΙΙ,
358 1981 432 2063 812,
454 1979 493 2043 Κ.
518 1979 545 2063 Ι,
561 1980 635 2059 741)
660 1980 694 2041 16
718 1998 865 2043 scaenam
888 1978 1049 2042 exhibitae
1072 1980 1144 2061 sint,
1167 1979 1261 2062 plane
1283 1981 1411 2062 ignor0;

221 2088 416 2178 quamquam
440 2098 471 2157 et
489 2094 568 2156 haec
584 2092 726 2155 dramata
741 2095 814 2154 ante
830 2088 877 2152 Ol.
895 2091 947 2173 94,
964 2092 984 2154 2
999 2091 1153 2174 producta
1169 2110 1238 2154 esse
1254 2093 1412 2156 videntur.

218 2208 336 2271 Tamen
367 2225 408 2270 ex
438 2206 541 2286 Anyti
569 2204 867 2268 commemoratione
890 2203 943 2283 (M.
968 2202 1012 2284 ΙΙ,
1028 2203 1098 2267 Χ813
1122 2203 1158 2265 fr.
1182 2203 1213 2285 5,
1237 2203 1276 2266 K.
1300 2205 1327 2287 Ι,
1351 2205 1413 2269 148

222 2318 330 2400 1657)
354 2318 436 2380 nihil
458 2317 575 2382 efficies
599 2335 704 2399 neque
719 2315 823 2378 Muhli
847 2316 886 2379 de
908 2315 1144 2380 Stratiotidibus
1168 2316 1412 2400 disputationem

220 2430 284 2495 ullo
316 2430 409 2493 modo
437 2449 502 2493 non
535 2428 739 2512 vituperabis.
767 2465 802 2472 -
831 2426 923 2503 Quod
952 2428 992 2491 ad
1021 2428 1152 2491 titulum
1175 2429 1294 2510 attinet,
1325 2429 1414 2492 Pla-

219 2545 328 2607 tonis
352 2541 526 2606 Graecia
556 2546 626 2606 aut
657 2540 829 2604 Insulae
865 2559 993 2624 quoque
1027 2541 1128 2604 multo
1163 2544 1235 2604 ante
1269 2541 1413 2605 Euclidis

220 2674 343 2718 annum
378 2660 447 2718 acta
476 2654 614 2736 videtur,
647 2653 700 2716 clr.
731 2653 1032 2737 Aristophanis
1066 2655 1133 2716 sive
1163 2654 1318 2736 Archippi
1347 2655 1414 2718 16-

220 2766 351 2849 66166,
382 2787 464 2850 quae
495 2772 623 2850 propter
653 2765 841 2830 Panaetium
872 2766 914 2828 M.
939 2765 983 2848 11,
1007 2766 1089 2829 1111
1112 2766 1149 2827 fr.
1174 2767 1194 2829 6
1218 2764 1267 2846 (ΙΙ.
1291 2765 1318 2848 I,
1340 2767 1414 2850 494,

220 2879 306 2961 394),
329 2879 383 2942 cfr.
407 2881 505 2943 Arist.
530 2880 592 2943 Ar.
610 2879 671 2942 441
698 2899 773 2963 seq,
797 2879 843 2943 Ol.
871 2879 911 2945 92
935 2878 999 2943 fere
1023 2877 1221 2942 attribuetur.
1269 2877 1414 2943 Ceterum

220 2993 301 3055 miro
335 3010 438 3055 errore
471 2990 630 3075 Bergkius
664 3012 712 3076 ap.
743 2991 786 3054 M.
811 2991 854 3074 ΙΙ,
880 2992 960 3054 1111
993 2989 1134 3054 11661166
1164 2990 1235 3054 adn.
1266 2992 1326 3055 Av.
1350 2992 1415 3055 440

220 3103 365 3168 Muhlius
396 3123 467 3187 pag.
491 3104 532 3168 47
565 3103 725 3168 Meinekic
759 3110 931 3188 praeeunte
965 3103 1103 3167 eundem
1138 3105 1326 3169 Panaetium
1362 3105 1413 3167 hic

219 3217 344 3280 irrideri
367 3215 580 3298 crediderunt,
605 3236 700 3301 quem
717 3236 758 3280 ex
774 3218 940 3281 Andocide
954 3216 981 3298 Ι,
1000 3217 1050 3297 12,
1068 3216 1119 3298 13,
1135 3216 1186 3300 62,
1203 3218 1242 3281 61
1249 3267 1256 3299 ,
1280 3216 1313 3280 Ο.
1330 3217 1355 3280 Ι.
1376 3219 1412 3279 A.

220 3329 246 3412 I,
277 3329 341 3394 276
374 3330 601 3409 mysteriorum
639 3330 877 3413 profanatorum
920 3334 1106 3393 accusatum
1140 3335 1170 3393 et
1210 3331 1244 3393 in
1279 3330 1412 3394 exilium

221 3442 358 3506 eiectum
381 3460 451 3506 esse
474 3442 696 3525 comperimus.
744 3441 848 3518 Quam
880 3443 1061 3525 opinionem
1086 3444 1284 3506 temerariam
1312 3445 1415 3527 magis

220 3558 337 3618 temere
355 3554 448 3617 etiam
466 3553 610 3618 Muhlius
625 3554 738 3619 fulcire
755 3555 870 3637 studet,
895 3557 950 3639 qui
966 3554 1094 3618 insulas
1111 3553 1212 3620 0190
1227 3557 1415 3638 productam

222 3685 292 3730 6666
308 3685 383 3729 cum
399 3666 476 3729 alias
493 3665 532 3729 ub
549 3685 662 3730 causas
679 3673 748 3730 tum
762 3673 928 3752 propterea
944 3666 1118 3750 contendit,
1142 3669 1226 3751 quod
1243 3668 1415 3733 Panaetius

222 3776 513 3843 66614166661616
530 3779 656 3860 (calami
677 3780 771 3863 lapsu
786 3779 850 3844 416
867 3782 977 3861 edidit)
999 3780 1102 3844 solum
1117 3785 1238 3845 vertere
1254 3781 1416 3845 debuisset

221 3896 252 3954 61
282 3895 408 3954 tantum
438 3892 527 3971 viris,
559 3893 615 3974 qui
638 3893 775 3956 Athenis
806 3893 968 3975 adessent,
996 3897 1108 3975 poetae
1138 3895 1251 3956 comici
1279 3893 1413 3957 illudere

220 4029 428 4040 ——0—

325 4096 349 4165 1)
376 4094 535 4151 Platonis
562 4097 693 4166 Mystes
720 4113 751 4151 eo
779 4099 896 4165 tempore
922 4097 1064 4166 prodiisse,
1092 4114 1144 4166 quo
1164 4099 1316 4154 Alcibiades
1336 4114 1410 4152 sacra

220 4182 360 4236 Eleusinia
385 4181 455 4237 bello
482 4183 631 4252 interrupta
659 4183 827 4246 restituerat,
860 4183 1041 4237 incertissima
1070 4186 1113 4237 est
1139 4183 1236 4254 Berglri
1263 4185 1416 4238 coniectura

221 4286 316 4323 comm.
335 4273 394 4326 375.
430 4269 488 4324 Hoc
515 4273 620 4323 tantum
648 4271 768 4322 constare
793 4269 909 4334 videtur,
936 4269 1047 4322 chorum
1072 4285 1086 4320 6
1110 4272 1209 4338 mystis
1237 4271 1413 4338 compositum

221 4355 315 4424 luisse,
333 4368 414 4424 quam
432 4355 546 4408 eundem
564 4356 644 4409 etiam
664 4355 746 4411 Arist.
764 4353 829 4409 Rau.
849 4359 970 4412 324—36
988 4355 1015 4407 et
1032 4359 1154 4413 alo—m
1171 4357 1328 4424 reperimus.
