3338 4954
720 249 935 313 ..42-

233 456 296 518 qua
319 435 510 500 Plutarchus
533 436 619 500 solus
642 438 733 501 initio
757 457 823 521 cap.
849 438 892 501 22
922 439 1028 502 hunee
1050 439 1156 502 lecum
1180 439 1289 503 habet:
1323 435 1422 510 Εὐθὺς

232 544 284 630 μὲν
306 540 356 610 οὖν
380 544 535 612 ἀποπλέων
563 546 579 611 ὁ
599 545 782 633 Ἀλκιβιάδης
812 549 892 632 (scil.
918 570 935 612 a
959 549 1066 613 Sicilia
1088 554 1297 636 exercituque
1323 551 1418 614 Athe-

231 657 336 722 niensi
366 679 448 724 nave
470 659 655 740 Salaminia)
687 657 823 746 ἀφείλετο
847 659 1005 744 Μεσσήνην
1025 652 1204 746 Ἀθη-ναίους.
1244 658 1344 728 'Hoetu
1367 661 1422 746 γὰρ

232 769 260 834 οἱ
290 771 441 855 μέλλοντες
472 769 615 834 ἐνδιδόναι
642 771 693 854 τήν
724 771 814 848 πόλιν,
849 766 898 844 οὓς
927 775 1035 845 ἐκεῖνος
1066 775 1148 848 εἰδολς
1173 775 1341 861 σαφέστατα
1364 775 1422 846 τοῖς

231 881 416 968 Συρακοσίων
445 882 538 969 φίλοις
569 882 695 968 ἐμήνυσε
723 882 773 948 καὶ
796 883 944 971 διέφθειρε
973 885 1024 969 τὴν
1053 892 1160 973 πρᾶξιν.
1184 947 1186 950 .
1206 888 1423 952 salsissimum

231 996 329 1078 igitur
352 1001 383 1060 et
404 997 677 1060 mordacissimum
700 997 806 1060 iocum
829 998 1022 1079 invenimus,
1047 1003 1102 1083 qui
1125 1000 1420 1081 Demetyndareum

230 1113 302 1190 pest
317 1107 516 1173 Alcibiadem
539 1131 556 1172 a
579 1109 678 1173 classe
695 1109 883 1173 Atheniensi
905 1117 1088 1176 revocatum
1113 1112 1152 1196 (a.
1174 1114 1234 1176 411
1255 1111 1307 1176 cfr.
1323 1111 1421 1174 Thuc.

231 1219 323 1302 Vlll,
347 1220 466 1305 81-2)
497 1227 527 1286 et
557 1226 629 1285 ante
658 1240 778 1285 nevum
809 1223 879 1285 eius
902 1223 1035 1287 exilium
1059 1227 1100 1296 (a.
1124 1225 1327 1307 tellectum
1351 1242 1420 1287 esse

231 1332 309 1395 mihi
334 1333 474 1397 indicare
499 1334 631 1397 videtur.
679 1332 726 1398 De
748 1335 859 1418 fragm.
883 1334 904 1396 4
929 1335 1006 1397 nihil
1029 1335 1184 1401 affirmare
1208 1337 1318 1402 audeo.

335 1445 502 1509 Plutum
526 1447 823 1529 Aristophanis
854 1445 982 1510 alteram
1007 1445 1054 1511 ἐπὶ
1078 1443 1217 1535 ἄρχοντος
1237 1446 1422 1532 Ἀντιπάτρου

231 1558 251 1619 i.
269 1575 295 1620 e.
314 1556 361 1620 Ol.
376 1558 466 1641 cul
487 1558 575 1638 (388)
599 1559 631 1620 in
658 1577 804 1621 scaenam
827 1559 991 1642 prodiisse,
1015 1580 1032 1624 e
1055 1561 1141 1624 Pluti
1166 1567 1352 1645 argumente
1375 1559 1423 1621 Iu

233 1670 394 1734 discimus.
441 1670 582 1734 Priorem
617 1675 722 1734 autem
752 1671 791 1734 ad
821 1670 941 1734 Dioclis
972 1692 1093 1736 annum
1125 1672 1422 1756 (01.92,4-408)

231 1784 397 1867 pertinere,
428 1783 595 1848 scholiasta
618 1784 658 1847 ad
681 1783 768 1846 Pluti
792 1789 933 1847 servatae
957 1805 984 1847 v.
1012 1785 1072 1850 173
1098 1787 1140 1866 (ἐν
1164 1785 1290 1871 δευτέρῳ
1314 1823 1367 1866 —-,
1390 1779 1421 1856 ὃς

233 1893 356 1982 ἔσχατος
390 1893 537 1982 ἐδιδάχθη
572 1893 621 1959 ὑπ’
658 1893 747 1959 αὐτοῦ
781 1896 902 1981 εἰκοστῷ
932 1894 991 1959 ἔτει
1027 1893 1157 1982 ὕστερον)
1191 1904 1296 1982 aperte
1330 1896 1423 1961 nobis

233 2009 337 2082 tradit,
372 2009 426 2072 cir.
450 2007 564 2092 Bergk.
597 2028 708 2072 comm.
732 2009 796 2072 402
827 2015 858 2073 et
888 2030 936 2092 ap.
962 2008 1003 2072 M.
1028 2010 1069 2093 ll,
1094 2011 1194 2089 1130;
1229 2009 1267 2072 Κ.
1293 2010 1319 2092 Ι,
1348 2009 1423 2092 505,

234 2120 331 2184 Muhl.
356 2141 427 2205 pag.
444 2121 496 2186 58.
522 2159 562 2166 —
586 2121 649 2184 Hie
673 2122 711 2185 de
734 2122 876 2185 eiusdem
898 2122 964 2185 Tri
971 2124 1139 2205 phalete
1164 2143 1292 2207 quoque
1315 2122 1423 2187 afferre

233 2233 354 2317 aliquid
377 2235 455 2297 mihi
478 2235 578 2298 liceat.
624 2235 769 2297 Primum
795 2234 925 2316 quidem
947 2235 983 2298 fr.
998 2236 1017 2300 8
1036 2235 1078 2298 M.
1092 2237 1136 2318 ll,
1152 2237 1238 2301 1165
1254 2234 1306 2318 (K.
1320 2235 1346 2317 I,
1359 2235 1418 2298 531

233 2346 270 2408 fr.
295 2345 384 2428 549),
408 2347 494 2430 qued
518 2347 556 2411 dc
578 2346 781 2410 Theramenis
804 2344 906 2409 tribus
928 2345 1021 2411 melis
1037 2348 1186 2431 loquitur
1209 2349 1262 2412 cfr.
1280 2369 1352 2432 pag.
1370 2348 1423 2430 41,

169 2498 172 2510 ·
212 2451 315 2522 'certe
337 2459 478 2522 virorum
510 2459 815 2541 quadringentorum
845 2458 1044 2524 dominatum·
1074 2467 1203 2544 spectat,
1235 2482 1331 2545 quem
1356 2467 1424 2545 pest

234 2569 281 2633 Ol.
306 2571 359 2653 92,
390 2572 410 2635 2
444 2569 617 2651 Dionysius
651 2589 784 2653 magnas
818 2572 1030 2635 consitutum
1064 2593 1133 2637 esse
1168 2594 1256 2638 nune
1291 2579 1381 2638 const
1401 2579 1420 2636 t.

232 2682 356 2748 Deinde
378 2683 419 2746 ed
440 2683 552 2766 fragm.
576 2684 596 2747 9
620 2682 661 2744 M.
686 2681 730 2764 ΙΙ,
755 2682 838 2747 1165
862 2681 913 2762 (K.
938 2685 964 2765 l,
986 2687 1047 2750 531
1072 2688 1108 2749 fr.
1121 2687 1198 2768 550)
1222 2686 1422 2764 accedamus,

233 2817 250 2860 e
274 2816 338 2880 que
362 2816 471 2860 omnes
494 2797 580 2859 vires
603 2796 711 2858 doctos
727 2797 902 2858 Aristarchi
926 2798 984 2860 hac
1006 2800 1040 2861 in
1063 2799 1171 2862 fabula
1193 2803 1297 2883 partes
1319 2798 1421 2862 fuisse

232 2930 298 2974 une
329 2929 380 2974 ere
411 2909 576 2992 collegisse
604 2909 680 2972 satis
703 2909 806 2971 miror.
851 2907 933 2972 Nam
956 2911 1080 2974 etiamsi
1102 2911 1198 2976 verba
1222 2912 1303 2976 male
1325 2913 1421 2975 inter-

231 3028 326 3106 rupta
359 3024 416 3086 vix
450 3042 595 3105 unquam
628 3021 725 3105 prebe
758 3021 992 3104 intellegantur,
1026 3029 1130 3087 tamen
1166 3025 1200 3088 id
1228 3025 1349 3106 elucet,
1383 3025 1423 3088 de

233 3135 347 3218 Iberis,
383 3155 464 3219 quos
487 3135 582 3217 „elim
604 3135 808 3198 Aristarchus
832 3135 985 3198 duxerat‘
1012 3136 1065 3198 cfr.
1089 3135 1186 3200 Thuo.
1211 3136 1304 3218 Vlll,
1327 3136 1368 3200 68
1392 3141 1423 3200 et

232 3249 383 3314 Fritasch.
405 3247 485 3311 ean.
502 3247 577 3330 232,
600 3266 776 3311 sermenem
800 3266 886 3324 esse;
911 3247 1000 3311 aliter
1022 3249 1108 3312 enim
1130 3249 1196 3320 τοὺς
1213 3243 1333 3334 Ἴβηρος
1356 3247 1422 3319 τοδς

231 3360 420 3448 Ἀριστάρχου
442 3359 563 3424 πάλαι
586 3379 644 3443 ego
668 3360 797 3442 quidem
811 3361 1010 3443 interpretari
1026 3379 1160 3444 nequeo.
1205 3361 1320 3445 ltaque
1335 3362 1421 3424 haud

234 3477 329 3561 paulo
363 3482 435 3558 pest
465 3473 595 3536 Ocnoen
629 3473 668 3535 ab
698 3472 880 3536 Aristarcho
911 3472 994 3535 mela
1021 3473 1132 3536 fraude
1162 3474 1318 3556 preditam
1349 3475 1368 3535 i.
1393 3491 1446 3537 e·

234 3608 355 3652 annum
378 3588 440 3651 411
466 3591 589 3670 etpost
619 3588 688 3650 eius
719 3604 848 3648 causam
872 3586 938 3666 (cfr.
964 3605 1060 3669 supra
1088 3606 1159 3670 pag.
1184 3586 1239 3666 40)
1262 3586 1424 3670 Triphales

234 3710 304 3768 acta
327 3706 382 3766 est.
429 3698 524 3764 Nune
547 3700 642 3764 ctiam
658 3699 871 3765 Suevernium
895 3699 933 3763 de
950 3697 1034 3764 Nub.
1051 3699 1168 3781 62--5,
1193 3700 1231 3763 de
1255 3699 1423 3764 Senectute

235 3816 278 3879 44
299 3815 514 3896 fragmentum
536 3811 578 3875 M.
598 3815 637 3878 13
663 3811 714 3892 (K.
732 3811 821 3892 554),
845 3811 900 3874 ubi
924 3831 994 3875 mea
1018 3813 1175 3892 sententia
1197 3832 1272 3876 cum
1294 3811 1424 3876 Reiskie

235 3928 306 3991 aliis
319 3923 525 4012 Ἀριστοφάνης
547 3945 603 4010 pre
616 3923 802 4012 Ἀρίσταρχος
825 3924 1029 3989 scribendum
1054 3929 1112 4004 est,
1134 3925 1196 3988 huc
1219 3944 1283 3987 non
1309 3944 1424 4008 magna

236 4061 311 4105 cum
327 4040 395 4104 veri
413 4041 516 4123 specie
539 4041 673 4104 traxisse
689 4044 835 4123 appareu
861 4057 1055 4122 quamquem
1084 4058 1149 4101 nen
1174 4039 1303 4102 omnine
1327 4057 1423 4121 negu-

236 4155 334 4218 verim
364 4152 424 4215 hac
450 4153 485 4215 in
513 4152 621 4216 fabula
642 4153 722 4217 illud
745 4150 889 4216 exhiberi
911 4152 1062 4233 potuisse,
1094 4171 1157 4233 qua
1179 4151 1378 4216 Alcibiadem
1391 4150 1420 4230 *)

340 4345 366 4412 *)
384 4342 463 4398 Hunc
482 4345 535 4397 iarn
547 4341 714 4412 Epulonibus
727 4341 762 4395 M.
772 4342 808 4409 H,
822 4347 889 4399 1033
907 4343 937 4394 ir.
949 4347 981 4397 16
1000 4339 1149 4410 (K.1,439,
1164 4341 1225 4412 198)
1236 4341 1348 4395 Acharn.
1361 4345 1421 4408 716,

236 4433 317 4502 Vesp.
335 4438 370 4490 44
387 4447 442 4502 seq.
460 4431 585 4501 quamvis
603 4431 688 4486 obiter
704 4429 897 4498 Aristophanes
915 4427 1025 4484 taxavit.
